2392 3914
336 239 629 298 mmm
657 239 730 296 x1x.
947 238 1009 304 ³01

63 400 201 486 δινωτήν
216 402 371 486 ἐλέφαντι
386 398 444 466 καὶ
461 392 619 486 ἀργύρῳ·
636 395 682 484 ήν
697 422 776 466 ποτε
794 400 920 470 τέκτων
974 417 1009 472 ⁵6

61 495 167 584 ποίησ’
181 495 357 585 Ἰκμάλιος,
374 499 431 566 καὶ
448 493 514 564 ὑπὸ
532 504 668 584 θρῆνυν
684 501 785 566 ποσὶν
803 490 887 586 ήκεν

61 597 219 683 προσφυέ’
236 601 270 679 έξ
287 595 405 684 αὐτῆς,
423 593 482 666 ὅδ’
502 597 555 664 ἐπὶ
573 599 657 682 μέμα
673 597 812 684 βάλλετο
829 604 925 678 κῶας.

59 699 137 764 ἔνθα
153 693 298 778 καθέζετ’
316 701 427 764 ἔπειτα
444 700 618 782 περίφρων
635 697 853 782 Πηνελόπεια.

61 785 164 879 ἦλθον
180 799 217 862 δὲ
233 799 339 882 δμωαὶ
356 794 559 864 λευκώλενοι
577 797 613 862 ἐκ
630 796 798 882 μεγάροιο.
972 813 1008 867 60

59 895 91 959 αλ
105 891 136 960 δ’
153 891 220 962 ἀπό
235 895 298 981 μέν
314 908 407 964 σῖτον
423 894 534 962 πολύν
550 893 654 982 ᾕρεον
670 891 730 982 ήδὲ
746 895 906 982 τραπέζας

59 992 107 1060 καλ
123 993 224 1080 δέπα,
243 997 345 1062 ἔνθεν
360 991 412 1080 ἀρ’
429 993 549 1079 ἀνδρες
566 991 826 1080 ὑπερμενέοντες
842 999 973 1064 ἔπινον·

58 1096 119 1172 πῦρ
141 1089 174 1157 δ’
192 1087 258 1160 ἀπό
276 1093 479 1180 λαμπτήρων
498 1093 638 1180 χαμάδις
655 1091 776 1180 βάλον,
804 1093 889 1163 ἀλλα
906 1092 940 1162 δ’
958 1093 1005 1163 ἐιέ

520 1225 523 1230 ·
547 1219 660 1262 αυτων
751 1245 757 1250 -

58 1288 180 1374 νήησαν
197 1289 281 1369 ξύλα
296 1291 421 1377 πολλὰ,
439 1277 531 1378 φόως
547 1299 627 1380 ἐμεν
650 1291 710 1382 ήδὲ
725 1298 898 1381 θέρεσθαι.

57 1383 73 1474 ἡ
90 1386 119 1454 δ’
134 1386 269 1478 Ὀδυσῆ’
289 1394 420 1460 ἐνένιπε
437 1389 611 1461 Μελαυθύ
631 1391 789 1480 δεύτερον
805 1385 911 1472 αύτις·
969 1407 1005 1462 6⁵

91 1487 213 1574 ,,Ξελν’,
231 1495 279 1558 έτι
296 1491 352 1560 καὶ
368 1498 434 1560 νῦν
451 1489 571 1561 ἐνθάδ’
589 1489 737 1578 ἀνιήσεις
753 1489 932 1580 διάνύκτα

56 1587 195 1655 δινεύων
210 1585 294 1658 κατά
311 1589 422 1677 οίκον,
439 1585 631 1670 ὀπιπεύσεις
648 1593 685 1658 δέ
699 1603 877 1676 μυναῑκαςς

55 1682 115 1754 ἀλλ’
135 1693 253 1768 ἔξελθε
266 1689 410 1777 θύραζε,
428 1691 548 1777 τάλαν,
565 1693 621 1758 καὶ
638 1689 750 1768 δαιτός
763 1686 884 1775 ὄνησο·

54 1779 167 1872 ἢπάχα
183 1788 241 1857 καὶ
258 1792 347 1878 δαλῷ
364 1791 566 1876 βεβλημένος
583 1785 682 1858 εἶσθα
696 1788 859 1873 δύραζε.“

91 1882 163 1971 Τήν
181 1881 213 1952 δ’
225 1882 275 1972 ἀρ’
288 1883 419 1972 ὑπόδρα
437 1885 519 1955 ίδύν
530 1891 681 1974 προσέφη
697 1883 1003 1973 πολύμητιςὈδυσ-

547 1985 626 2064 σεύς
969 2000 1004 2058 70

55 2085 243 2169 ,,δαιμονίη,
261 2089 295 2154 τί
309 2110 366 2169 μοι
382 2075 442 2152 τόδ’
461 2085 584 2170 ἐπέχεις
595 2084 766 2172 κεκοτηότι
780 2092 899 2174 θυμῷς

53 2172 71 2266 ή
86 2177 138 2248 ότι
156 2179 198 2266 δή
216 2181 348 2268 ῥυπόω,
365 2180 507 2252 κακὰδέ
524 2187 600 2269 χροῒ
614 2187 729 2270 εἵματα
746 2179 844 2270 εἷμαι,

54 2279 208 2365 ιιτωχεύω
228 2277 260 2348 δ’
279 2278 344 2349 ἀνά
362 2285 485 2369 δήμους
503 2279 667 2370 ἀναγκαίη
683 2283 749 2374 γάρ
767 2285 897 2370 ἐπείγει.

54 2387 195 2448 τοιοῦτοι
210 2382 333 2468 πτωχοὶ
350 2383 406 2450 καὶ
423 2377 588 2468 ἀλήμονες
604 2380 725 2468 ἀνδρες
742 2387 844 2450 ἔασιν.

54 2482 102 2547 καὶ
118 2478 186 2566 γάρ
203 2481 268 2566 ἐμά
285 2506 364 2550 ποτε
383 2481 476 2550 οἷκον
491 2484 528 2549 ἐν
544 2479 777 2567 ἀνθρώποισιν
793 2486 905 2549 ἔναιον
968 2493 1002 2550 ⁷⁵

54 2575 161 2666 ὄλβιος
178 2578 321 2666 ἀφνειόν
337 2583 392 2650 καὶ
408 2581 549 2650 πολλάκι
566 2581 692 2651 δόσκον
709 2578 823 2667 ἀλήτη,

54 2686 126 2767 τοίφ
143 2679 259 2760 όιιολος
275 2686 324 2750 ἐοι
340 2682 395 2750 καὶ
409 2679 487 2750 ὅτευ
505 2684 706 2768 κεχρημένος
724 2685 834 2748 ἔλθοι·

55 2770 136 2863 ἦσαν
154 2779 314 2865 δέδμιόες
330 2779 418 2866 μάλα
434 2790 567 2866 μυρίοι,
582 2779 666 2848 ἀλλα
682 2805 718 2847 τε
734 2775 840 2846 πολλά

55 2872 138 2946 οἷσίν
153 2876 178 2947 τ’
197 2871 238 2946 εύ
255 2878 377 2960 ζιόουσι
393 2880 450 2948 καὶ
467 2877 599 2963 ἀφνειοὶ
616 2878 800 2946 καλέονται.

54 2973 138 3044 ἀλλὰ·
149 2975 236 3057 Ζεύς
248 2977 393 3060 ἀλάπαξε
406 2975 729 3064 Κρονίων-ἤθελε
748 2976 812 3064 γάρ
829 3002 949 3046 που-
968 2993 1004 3050 80

55 3085 94 3164 τῷ
114 3083 178 3144 νῦν
194 3078 320 3164 μήποτε
336 3079 393 3147 καὶ
410 3075 464 3164 σύ,
481 3077 599 3164 γύναι,
617 3072 683 3144 ἀπό
701 3083 814 3146 πᾶσαν
833 3074 969 3167 όλέσσης

55 3171 205 3262 ἀγλαΐην,
222 3183 264 3264 τῇ
279 3185 345 3244 νῦν
360 3203 399 3264 με
415 3175 496 3264 μετὰ
514 3180 642 3265 δμωῇσι
657 3177 832 3244 κέκασσαι·

55 3273 96 3358 μή
112 3275 182 3354 πός
197 3301 249 3342 τοι
265 3277 424 3344 δέσποινα
440 3280 663 3362 κοτεσσαμένη
681 3269 878 3364 χαλεπήνη,’

56 3365 74 3455 ἢ
87 3369 243 3453 Ὀδυσεύς
259 3377 359 3463 έλθη·
376 3379 424 3442 ἔτι
440 3372 506 3461 γάρ
524 3376 580 3444 καὶ
595 3377 727 3452 ἐλπίδος
745 3373 831 3443 αἶσα.

57 3473 83 3535 εί
98 3467 128 3538 δ’
141 3469 160 3537 ὁ
172 3473 235 3556 μὲν
252 3466 296 3550 ἀς
312 3469 464 3542 ἀπόλωλε
481 3474 537 3542 καί
554 3469 665 3542 ούιιέτι
684 3471 841 3564 νόστιμός
856 3475 957 3560 ἐστιν,
968 3488 1004 3543 85
