2452 3910
365 249 659 308 ΟΔΤΣΣΕΙΛΣ
682 251 729 314 Ἦ.
982 247 1025 310 05

70 411 108 498 δη
125 416 170 496 ῥα
186 405 252 478 τότ’
270 405 488 495 ἀμφιπόλοισι
504 411 652 493 μετηύδα
670 412 738 488 δῖος
751 406 928 489 Ὀδυσσεύς
973 453 979 458 -

108 510 351 595 ,,Ἀμφίπολοι,
381 501 480 592 στῆθ’
505 503 605 626 ούτμος
616 503 830 595 ἀπόπροθεν,
854 504 935 593 ὄφρ’
960 507 1024 594 έγά

70 704 178 793 άλμην
195 703 315 792 ἀμοιιν
330 629 674 789 άπολούσομάάῗάῑιφὶ
691 703 724 771 δ’
741 705 839 793 ἐλαίῳ

70 814 236 890 χρίσομαι·
261 796 283 890 ἦ
299 802 364 888 γάρ
383 798 488 888 δηρὸν
505 798 571 868 ἀπό
590 801 688 886 χροός
704 804 795 870 ἐστιν
810 801 945 891 ἀλοιφή.
973 821 1024 874 22⁰

71 902 172 990 άντην
190 900 224 971 δ’
245 902 308 970 υύκ
326 897 369 969 ἀν
385 906 488 986 ἐγωγε
506 902 698 987 λοέσσομαι·
719 903 869 989 αἰδέομαι
884 901 948 989 γάρ

70 1009 285 1090 γυμνοῦσθαι
301 1001 463 1092 κούρῃσιν
481 999 721 1088 ἐϋπλοκάμοισι
736 1003 942 1090 μετελθάν.“

107 1099 171 1182 Ὦς
195 1101 313 1188 ἔφαθ’,
335 1105 371 1168 αί
390 1099 420 1168 δ’
447 1099 644 1222 ἀπάνευθεν
664 1111 757 1188 ἴσαν,
785 1101 879 1171 ελπυν
902 1101 935 1171 δ’
958 1101 1023 1188 ἀρα

69 1299 173 1386 αύτάρ
192 1297 211 1369 ὁ
228 1303 266 1370 ἐκ
283 1306 434 1387 ποταμοῦ
450 1225 656 1385 χρόάιάύὲεῃτο
672 1304 742 1378 δῖος
755 1298 932 1380 Ὀδυσσεύς

69 1503 99 1566 ἐκ
115 1507 270 1585 κεφαλῆς
287 1496 318 1565 δ’
338 1504 478 1584 ἔσμηχεν
495 1494 576 1576 ἁλὸς
591 1496 694 1581 χνόον
711 1495 912 1583 ἀτρυγέτοιο.

67 1595 171 1682 αύτάρ
190 1593 302 1683 ἐπειδὴ
320 1595 428 1664 πάντα
446 1599 603 1663 λοέσσατο
621 1596 678 1663 καὶ
694 1593 764 1662 λίπ’
782 1593 927 1682 ἄλειψεν,

68 1693 148 1781 ἀμφὶ
168 1696 205 1764 δὲ
223 1698 338 1781 εἵματα
355 1691 473 1762 ἕσσαθ’
501 1693 523 1759 ά
551 1697 585 1760 ot
599 1693 683 1776 πόρε
699 1695 869 1775 παρθένος
883 1691 998 1782 ἀδμὴς,

70 1793 122 1862 ιόυ
136 1793 202 1880 μὲν
216 1791 375 1879 Ἀθηναίη
392 1799 511 1878 θῆκεν,
527 1788 611 1870 Διός
628 1795 812 1880 ἐκγεγαυῖα,

67 1891 198 1978 μείζονά
215 1887 241 1958 τ’
260 1894 410 1959 εἰσιδέειν
426 1892 481 1959 καὶ
498 1888 661 1977 πάσσονα,
680 1893 745 1960 κὰδ
762 1893 798 1962 δέ
815 1895 957 1981 κάρητος
968 1911 1020 1964 230

67 1990 166 2071 σύλας
181 1981 245 2078 ἧκε
261 1990 375 2076 κόμας,
394 1985 579 2080 ὑακινθίνῳ
597 1989 696 2090 άνθει
713 1989 837 2078 ὁμοίας.

67 2085 107 2168 ὡς
122 2087 156 2156 δ’
176 2085 233 2156 ὅτε
248 2113 297 2168 τις
312 2085 439 2174 χρυσόν
457 2088 662 2175 περιχεύεται
679 2089 814 2180 ἀργύρῳ
830 2089 915 2179 ἀνὴρ

67 2193 157 2275 ίδρις,
176 2183 219 2256 δν
231 2183 414 2272 Ἥφαιστος
432 2190 549 2257 δέδαεν
564 2189 620 2256 καὶ
637 2186 771 2268 Παλλάς
786 2187 910 2278 Ἀθήνη

67 2293 183 2374 τέχνην
199 2291 372 2373 παντοίην,
389 2292 542 2374 χαρίεντα
562 2285 598 2356 δὲ
615 2291 696 2373 ἔργα
711 2293 835 2376 τελείει,

67 2385 105 2467 ιδς
122 2387 190 2472 ἀρα
207 2392 254 2475 τῷ
270 2387 423 2471 κατέχευε
440 2385 538 2472 χάριν
554 2393 684 2475 κεφαλῇ
700 2412 735 2454 τε
752 2387 808 2454 καὶ
825 2385 934 2473 όμοις.
967 2404 1017 2458 23⁵

66 2485 137 2567 ἕζετ’
159 2483 257 2554 ἔπειτ’
276 2483 449 2553 ἀπάνευθε
469 2482 554 2554 κιάν
570 2487 623 2554 ἐπὶ
638 2495 720 2554 θῖνα
735 2486 918 2572 θαλάσσης,

65 2585 180 2654 κάλλει
194 2587 251 2653 καί
267 2582 378 2672 χάρισι
396 2590 551 2673 στίλβων·
573 2596 688 2672 θηεῖτο
707 2586 743 2653 δέ
758 2584 874 2672 κούρη.

65 2683 104 2770 δή
120 2685 164 2770 ῥα
181 2679 247 2751 τότ’
264 2681 504 2768 ἀμφιπόλοισιν
520 2684 756 2770 ἐϋπλοκάμοισι
772 2685 918 2770 μετηύδα

104 2787 241 2869 ,Κλῦτέ
256 2807 330 2867 μευ,
349 2780 533 2868 ἀμφίπολοι
545 2784 756 2869 λευκάλενοι,
775 2781 866 2868 ὄφρα
877 2809 908 2850 τι
919 2794 1010 2853 είποι.

66 2879 105 2948 ού
120 2880 261 2949 πάντων
276 2878 387 2968 ἀέκητι
404 2889 507 2970 θεῶν,
526 2887 560 2950 οἳ
569 2879 743 2967 Ὄλυμπον
758 2885 900 2967 ἔχουσιν,
964 2897 1018 2952 240

66 2976 242 3067 Φαιήκεσά
262 2977 312 3048 ὅδ’
332 2977 418 3068 ἀνὴρ
437 2981 641 3068 ἐπιμίσγεται
656 2979 875 3049 ἀντιθέοισιν·

66 3079 217 3161 πρόσθεν
233 3077 296 3166 μὲν
310 3077 377 3166 γάρ
397 3079 438 3168 δή
454 3107 511 3168 μοι
527 3077 687 3160 ἀεικέλιος
706 3080 789 3148 δέατ’
807 3079 901 3167 εἶναι,

66 3187 129 3246 νύν
146 3183 181 3248 δέ
192 3189 329 3248 ,θεοῖσιν
346 3186 442 3267 ἔοικε,
460 3182 511 3248 τοὶ
527 3178 676 3265 ούρανόν
693 3177 797 3266 εύρύν
814 3184 955 3266 ἔχουσιν.

65 3282 100 3346 αδ
112 3275 179 3368 γάρ
195 3280 269 3364 ἐμοὶ
284 3277 415 3347 τοιόσδε
432 3279 529 3359 πόσις
545 3280 746 3366 κεκλημένος
762 3288 812 3366 εῖη

64 3379 185 3447 ἐνθάδε
201 3376 376 3464 ναιετάων,
395 3383 454 3448 καί
466 3382 501 3448 οί
515 3378 590 3448 ἀδοι
605 3375 727 3447 αύτόθι
744 3383 885 3464 μίμνειν.
965 3395 1017 3447 24⁵

64 3477 146 3548 ἀλλά
163 3475 242 3561 δότ’,
260 3474 452 3568 ἀμφίπολοι,
471 3489 565 3573 ξείνῳ
583 3488 711 3568 βρῶσίν
727 3507 761 3565 τε
779 3475 878 3543 πόσιν
894 3481 963 3542 τε.“
