2492 3922
391 243 682 318 οπυεαιτιπε
704 247 736 302 ιι.
1002 241 1046 304 25

91 409 131 490 βῆ
146 399 177 470 θ’
196 411 310 488 ίμεναι
325 400 409 486 πρὸς
426 407 529 488 δεῖμα,
546 409 646 487 φίλον
661 406 849 490 τετιημένος
864 395 957 490 ἦτορ,

92 494 172 585 εὑρε.
182 499 217 567 δ’
234 501 303 588 ἄρα
320 507 510 588 μνηστῆρας
526 497 694 586 ἀγήνορας
709 503 746 568 ἐν
762 501 967 586 μεγάροισιν,

90 598 180 685 αἶγας
196 597 395 686 ἀνιεμένους
410 599 545 677 σιάλους
560 595 594 666 θ’
611 597 750 679 εὕοντας
766 601 805 668 ἐν
821 596 916 685 αὐλῇ.
989 615 1043 670 30⁰

89 695 252 776 Ἀντίνοος
269 695 302 765 θ’
321 696 401 777 ίθὺς
415 696 558 784 γελάσας
574 703 625 766 κίε
645 699 864 786 Τηλεμάχοιο·

90 801 123 862 ἐν
139 793 163 863 τ’
182 795 251 883 ἄρα
267 800 302 864 οί
316 803 366 883 φῦ
382 797 465 882 χειρί
481 801 558 876 ἐπος
572 794 597 864 τ’
616 796 708 882 ἔφατ’
725 803 763 866 έιι
780 797 806 866 τ’
825 797 988 887 ὀνόμαζεν

125 891 312 980 ,Τηλέμαχ’
330 890 494 980 ὑψαγόρη,
514 897 612 980 με’νος
628 894 753 982 ἄσχετε,
770 897 849 985 μήτι
864 923 916 966 τοι
933 900 1014 968 άλλο

89 995 123 1061 ἐν
137 992 301 1079 στήθεσσι
318 991 425 1060 κακόν
440 997 563 1078 μελέτω
580 998 681 1080 ἔργον
696 1019 732 1062 τε
749 999 827 1074 ἐπος
843 1021 888 1081 τε,

89 1089 169 1158 άλλά
186 1117 245 1176 μοι
264 1093 420 1176 ἐσθιέμεν
436 1093 492 1159 παλ
507 1096 653 1178 πινέμεν,
673 1089 717 1172 ὑς
731 1091 769 1161 τό
788 1095 895 1182 πάρος
911 1113 1044 1184 περσου

89 1196 189 1258 ταῦτα
209 1194 247 1257 δέ
260 1215 312 1256 τοι
328 1189 416 1274 μάλα
433 1190 541 1258 πάντα
558 1192 814 1278 τελευτήσουσιν
828 1192 959 1280 Ἀχαιοί,

89 1293 150 1374 νῆα
165 1290 224 1356 καὶ
240 1292 388 1368 ἐξαίτους
407 1291 528 1375 ἐρέτας,
545 1293 602 1357 ἰ’να
616 1297 750 1360 θᾶσσον
765 1297 856 1380 ἵκηαι

86 1392 119 1466 ἐς
133 1386 255 1454 Πύλον
271 1385 424 1473 ἠγαθέην
438 1386 505 1473 μετ’
522 1381 654 1473 άγαυοὺ
671 1387 796 1476 πατρός
812 1387 977 1477 άπουήν.“

128 1483 199 1552 Τὸν
217 1482 248 1552 δ’
268 1477 314 1551 αὑ
333 1490 520 1571 Τηλέμαχος
536 1492 745 1573 πεπνυμένος
761 1485 876 1554 άντίον
892 1485 979 1573 ηὔδα

85 1581 256 1672 ,,Ἀντίνο’,
275 1581 387 1662 οὔπως
407 1589 496 1650 ἐστιν
513 1581 747 1672 ὑπερφιάλοισι
761 1584 835 1672 μεθ’
852 1583 932 1672 ὑμῖν
989 1600 1040 1654 σιτ

87 1687 271 1750 δαίνυσθαί
285 1678 311 1748 τ’
329 1681 469 1752 άπέοντα
486 1685 541 1751 καί
556 1681 800 1770 εὐφραίνεσθαι
816 1687 945 1772 ἕκηλον.

85 1777 107 1868 ἢ
121 1779 184 1866 οὐχ
200 1779 276 1859 ἅλις
294 1777 338 1860 ὑς
353 1779 388 1848 τὰ
402 1782 568 1865 πάροιθεν
583 1785 725 1870 ἐνείρετε
740 1785 846 1854 πολλά
864 1787 919 1852 καὶ
936 1781 1040 1852 ἐσθλά

86 1876 218 1967 κτήματ’
238 1877 313 1965 ἐμά,
330 1887 525 1967 μνηστῆρες,
542 1881 607 1965 έγοὶ
622 1880 653 1948 δ’
673 1887 721 1950 ἐτι
738 1883 856 1970 νήπιος
872 1875 932 1970 ήα;

86 1985 150 2045 νῦν
165 1975 199 2045 δ’
219 1974 276 2062 ὅτε
294 1977 334 2064 δή
353 1980 454 2063 μέγας
471 1979 536 2064 είμλ
552 1981 607 2047 καί
623 1978 734 2049 ἄλλων
750 1987 865 2066 μῦθον
880 1979 1016 2050 άιιούων

84 2076 316 2162 πυνθάνομαι,
335 2078 390 2144 καὶ
405 2077 448 2162 δή
464 2103 521 2162 μοι
540 2076 666 2157 άέξεται
681 2083 799 2146 ένὺοθι
815 2077 935 2165 θυμός,
989 2094 1045 2149 31⁵

85 2175 234 2262 πειρήσω
252 2171 298 2253 ός
314 2172 342 2242 κ’
361 2174 445 2260 ὔμμι
461 2173 567 2254 πακάς
583 2177 635 2244 ἐπὶ
661 2183 765 2262 κῆρας
780 2177 872 2264 ἰήλω,

86 2272 120 2363 ήέ
134 2271 294 2342 Πύλονδ’
314 2271 438 2358 ἐλθόν,
455 2269 479 2359 ἦ
497 2271 602 2340 αὑτοῦ
613 2273 693 2364 τῷδ’
711 2277 761 2342 ἐνί
777 2274 881 2363 δήμῳ.

82 2371 147 2460 είμι
164 2377 264 2460 μὲν·
282 2371 359 2440 οὑὺ’
378 2370 454 2459 ἁλίη
472 2370 549 2450 ὁόὺς
565 2370 730 2440 ἐσσεται“
708 2399 752 2458 ην
768 2372 954 2458 ἀγορεύω-

82 2479 244 2560 ἔμπορος·
267 2469 310 2539 οό
291 2469 390 2592 γάρ
407 2468 489 2557 νηός
505 2469 665 2556 ἐπήβολος
682 2467 758 2538 οὐδ’
776 2469 921 2553 ἐρετάων

79 2578 254 2658 γίγνομαι·
280 2568 325 2649 τός
342 2570 385 2638 νύ
399 2593 467 2638 που
484 2568 590 2656 ὔμμιν
606 2574 730 2638 ἐείσατο
746 2572 881 2692 ηέρόιον
896 2566 989 2636 εἶναι.
993 2573 1015 2610 “

127 2665 207 2738 'H‘
186 2697 243 2757 ρα,
265 2672 322 2739 καὶ
338 2674 375 2738 ἐκ
392 2667 501 2756 χειρός
517 2682 610 2756 χεῖρα
627 2665 765 2736 σπάσατ’
779 2664 958 2735 Ἀντινόοιο
989 2681 1040 2736 ³21

82 2771 179 2855 ηήελα·
205 2777 393 2854 μνηστηρες
409 2771 446 2836 δέ
460 2769 567 2855 δόμον
586 2769 670 2838 κάτα
688 2771 783 2835 θαίτα
798 2768 961 2851 πένοντο].

80 2870 112 2934 ot
127 2865 160 2934 δ’
182 2867 397 2954 ἐπελώβευον
414 2869 471 2936 καὶ
487 2865 684 2951 ἐκερτόμεον
700 2866 864 2931 ἐπέεσσιν·

78 2956 143 3034 όιλε
162 2971 204 3034 δέ
219 2992 271 3044 τις
286 2975 418 3034 ελπεσιιε
434 2969 522 3034 νέων
537 2961 853 3049 ὑπερηνορεόντων·

117 3057 193 3152 ,,Ἠ
207 3064 297 3153 μάλα
318 3068 505 3152 Τηλέμαχος
522 3063 631 3149 φόνον
646 3058 726 3148 ἡμῖν
741 3064 938 3148 μερμηρίζει.
989 3074 1043 3129 λλσ

75 3160 96 3248 ἦ
112 3189 212 3242 τινας
228 3167 267 3232 ἐκ
283 3163 403 3232 Πύλου
420 3163 491 3244 άξει
508 3159 698 3247 ἀμύντορας
714 3156 935 3246 ἠμαθόεντος,

74 3255 95 3344 ἦ
113 3259 176 3345 ὅγε
196 3263 255 3348 καί
270 3261 489 3348 Σπάρτηθεν,
508 3265 583 3329 ἐπεί
596 3258 641 3326 νύ
658 3281 720 3344 περ
736 3260 819 3324 ἵεται
835 3261 950 3332 αἰνεῖς·

71 3354 111 3443 ήέ
128 3362 192 3426 καί
210 3362 259 3436 είς
273 3355 424 3445 Ἐφύρην
440 3361 560 3443 ἐθέλει,
579 3363 712 3443 πίειραν
728 3354 890 3440 ἄρουραν,

70 3459 204 3542 έλθελν,
224 3453 302 3540 ὄφρ’
319 3459 423 3526 ἐνθεν
442 3453 655 3539 θυμοφθόρα
676 3446 819 3536 φάρμακ’
838 3449 956 3529 ἐνείκη,
