2452 3910
361 237 653 298 mmm
682 241 716 298 V.
976 239 1021 304 79

57 396 95 466 ού
113 401 225 486 δέμας,
245 394 329 466 ούδὲ
346 395 448 484 φυήν,
467 398 535 464 ἐπεὶ
553 395 667 477 ούπως
683 395 763 468 οὐδὲ
780 405 887 469 ἔοικεν

58 497 181 584 θνητάς
199 495 392 586 ἀθανάτῃσι
409 500 510 582 δέμας
526 497 581 564 καί
598 494 684 576 είδος
700 500 850 583 ἐρίζειυ.“

96 597 167 682 Τήν
188 595 223 664 δ’
244 593 512 683 ἀπαμειβόμενος
530 597 682 680 προσέφη
702 594 883 682 πολύμητις
897 593 1014 665 Ὀδυσ-

517 693 596 772 σεύς

59 793 182 879 ,πότνα
200 791 280 881 θεά,
297 793 344 880 μή
361 819 417 880 μοι
436 793 512 861 τόδε
528 792 628 878 χόεο·
646 792 719 861 οἶδα
731 796 786 864 καὶ
804 791 906 875 αύτός
963 813 1019 866 211>

59 893 159 960 πάντα
176 891 271 979 μάλ’,
288 892 412 960 οὕνεκα
430 906 498 960 σείο
517 898 690 979 περίφρων
705 894 914 981 Πηνελόπεια

58 990 136 1070 είδος
152 989 354 1078 ἀκιδνοτέρη
371 993 514 1078 μέγεθός
531 989 561 1059 τ’
581 990 715 1060 εἰσάντα
731 996 877 1062 ἰδέσθαι·

58 1086 74 1174 ή
90 1089 151 1174 μὲν
167 1087 237 1174 γάρ
256 1089 377 1176 βροτός
393 1093 470 1176 ἐστι,
489 1089 532 1158 σύ
549 1087 580 1158 δ’
600 1088 769 1172 άθάνατος
785 1097 841 1163 καί
856 1091 995 1182 άγήρως.

58 1185 133 1255 όλλό
151 1190 212 1256 καὶ
230 1184 275 1267 ὥς
292 1191 398 1256 ἐθέλω
415 1191 470 1257 καὶ
487 1191 640 1276 ἐέλδομαι
655 1190 765 1278 ἤματα
781 1191 890 1261 πάντα

58 1290 166 1355 οἴκαδέ
181 1284 213 1355 τ’
235 1289 411 1373 ἐλθέμεναι
429 1289 484 1356 καὶ
500 1289 660 1375 νόστιμον
677 1281 765 1376 ἦμαρ
782 1294 922 1361 ἰδέσθαι.
960 1311 1015 1363 22⁰·

58 1392 83 1453 εί
96 1383 126 1454 δ’
147 1377 198 1452 αύ
212 1412 263 1466 τις
280 1388 390 1475 ῥαίῃσι
406 1395 499 1454 θεῶν
517 1389 567 1456 ἐνί
583 1398 694 1457 οίνοπι
713 1390 837 1482 πόντῳ,
959 1473 961 1483 1

57 1485 214 1572 τλήσομαι
231 1487 269 1552 ἐν
288 1485 469 1572 στήθεσσιν
487 1491 572 1572 ἔχων
589 1494 800 1558 ταλαπενθέα
819 1491 947 1576 θυμόν·

58 1583 113 1670 ήδη
131 1584 199 1669 γάρ
216 1583 307 1669 μάλα
324 1583 422 1653 πόλλ’
442 1591 573 1654 ἔπαθον
591 1591 646 1656 καὶ
666 1586 763 1657 πόλλ’
783 1589 928 1676 ἐμόγησα

58 1683 175 1770 κύμασι
192 1684 250 1750 καὶ
267 1686 414 1773 πολέμῳ·
432 1685 513 1771 μετὰ
531 1687 585 1754 καὶ
600 1687 677 1755 τόδε
694 1702 778 1756 τοῖσι
794 1692 978 1774 γενέσθω.“

85 1779 143 1862 Ὣς
154 1778 260 1869 ἔφατ’,
272 1779 380 1870 ήέλιος
391 1781 422 1850 δ’
436 1780 485 1868 ἄρ’
494 1790 553 1852 ἔδυ
571 1788 627 1853 καὶ
633 1789 686 1855 ἐπὶ
693 1791 818 1873 κνέφας
824 1781 944 1877 ήλθεν·
958 1806 1014 1858 2λό

66 1882 209 1962 ’λθόντες
225 1879 257 1949 δ’
276 1881 342 1965 άρα
358 1883 443 1968 τύγε
459 1891 553 1974 μυχῷ
570 1892 704 1967 σπείους
720 1895 905 1975 γλαφυρολο

59 1987 243 2069 τερπέσθην
259 1981 422 2069 φιλότητι,
433 1982 518 2068 ’παρ’
539 1981 709 2072 ἀλλήλοισι
726 1988 889 2072 μένοντες.
992 2039 996 2046 -

92 2075 195 2168 Ἦμος
214 2079 246 2150 δ’
266 2077 433 2168 ήριγένεια
451 2083 542 2169 φάνη
556 2083 802 2168 ῥοδοδάκτυλος
815 2083 908 2172 Ἠώς,

57 2179 154 2268 αὐτίχ’
175 2180 193 2250 ό
213 2183 277 2268 μέν
294 2181 433 2267 χλαίνάν
449 2209 484 2249 τε
495 2183 616 2268 χιτεῖνά
626 2210 661 2250 τε
677 2182 788 2252 ἕννυτ’
803 2182 990 2271 Ὀδυσσεύς,

57 2277 133 2366 αύτή
155 2277 184 2347 δ’
204 2277 379 2365 ἀργύφεον
395 2289 503 2366 φᾶρος
519 2285 602 2367 μέγα
616 2284 734 2350 ἕννυτο
762 2282 891 2369 νύμφη,
955 2300 1010 2351 λλο

56 2379 172 2446 λεπτὸν
187 2380 244 2446 καὶ
260 2382 383 2466 χαρίεν,
404 2383 478 2464 περὶ
498 2381 533 2449 δὲ
551 2383 658 2468 ζύνην
673 2379 784 2468 βάλετ’
804 2386 872 2460 ίξνῖ

56 2480 158 2564 καλήν
185 2483 358 2564 χρυσείην·
376 2487 507 2567 ’κεφαλῇ
523 2477 553 2546 δ’
571 2481 742 2566 ἐφύπερθε
756 2482 967 2566 καλύπτρην·

56 2580 105 2644 καὶ
122 2574 194 2643 τότ’
210 2574 371 2664 Ὀδυσσῆι
385 2579 582 2664 μεγαλήτορι
598 2581 719 2666 μήδετο
737 2577 882 2663 πομπήν.

56 2677 160 2742 δῶκέν
178 2679 214 2741 οί
229 2677 373 2744 πέλεκυν
389 2671 503 2764 μέγαν,
522 2677 667 2764 άρμενον
684 2681 721 2746 ἐν
737 2671 937 2764 παλάμῃσιν,

56 2775 201 2858 χάλκεον,
217 2771 459 2860 άμφοτέρωθεν
471 2773 672 2862 άκαχμίνον·
684 2775 788 2860 αὐτάρ
800 2780 836 2843 ἐν
854 2773 942 2864 αύτῷ
954 2791 1008 2843 23⁵

57 2872 214 2941 στειλειὸν
231 2876 423 2956 περικαλλές
440 2873 583 2961 ἐλάινον,
602 2867 642 2942 εύ
658 2874 833 2960 ἐναρηρός·

56 2975 136 3039 δῶκε
154 2971 185 3039 δ’
205 2977 317 3040 ἔπειτα
333 2979 522 3059 σκέπαρνον
537 2976 668 3054 ἐύξοον·
686 2967 765 3060 ήρχε
784 2970 814 3039 δ’
833 2970 922 3040 όδοίο

56 3071 157 3155 νήσου
174 3071 229 3140 ἐπ’
249 3075 407 3159 ἐσχατιῆς,
425 3071 484 3141 ὅθι
502 3075 640 3158 δένδρεα
656 3069 765 3157 μακρά
782 3070 935 3156 πεφύκει,

55 3169 183 3257 κλήθρη
201 3169 233 3237 τ’
257 3172 400 3256 αίγειρός
416 3170 459 3259 τ’,
479 3171 576 3257 έλάτη
592 3167 622 3237 τ’
643 3163 686 3256 ἦν
702 3165 942 3255 οὐρανομήκης,

55 3263 118 3334 αὖα
133 3269 247 3357 πάλαι,
266 3275 435 3358 περίκηλα,
453 3269 494 3336 τά
505 3273 539 3337 οί
553 3270 695 3336 πλώοιεν
712 3271 872 3353 ἐλαφρῶς.
952 3282 1005 3336 λλθ

54 3364 156 3454 αύτάρ
172 3365 286 3454 ἐπειδὴ
304 3365 381 3448 δεῖξ’
401 3367 460 3437 ὅθι
476 3370 614 3451 δένδρεα
630 3365 740 3454 μακρά
757 3365 909 3450 πεφύκει,

53 3461 71 3550 v}
90 3467 149 3552 μὲν
167 3474 227 3554 ἔβη
248 3465 330 3552 πρός
349 3472 443 3552 δόμα
461 3463 620 3551 Καλυψὼ,
641 3470 695 3533 δία
713 3462 837 3544 θεάων,
