<?xml version="1.0" encoding="UTF-8"?>
<!DOCTYPE html PUBLIC "-//W3C//DTD XHTML 1.0 Transitional//EN"
    "http://www.w3.org/TR/xhtml1/DTD/xhtml1-transitional.dtd">
<html xmlns="http://www.w3.org/1999/xhtml" xml:lang="en" lang="en">
 <head>
  <title>
</title>
<meta http-equiv="Content-Type" content="text/html;charset=utf-8" />
  <meta name='ocr-system' content='tesseract 3.04.00' />
  <meta name='ocr-capabilities' content='ocr_page ocr_carea ocr_par ocr_line ocrx_word'/>
</head>
<body>
  <div class='ocr_page' id='page_1' title='image "./homericarminaad00baumgoog_0068.png"; bbox 0 0 2492 3922; ppageno 0'>
   <div class='ocr_carea' id='block_1_1' title="bbox 375 262 1031 328">
    <p class='ocr_par' dir='ltr' id='par_1_1' title="bbox 375 262 1031 328">
     <span class='ocr_line' id='line_1_1' title="bbox 375 262 1031 328; baseline -0.003 -2"><span class='ocrx_word' id='word_1_1' title='bbox 375 265 667 328; x_wconf 80' lang='grc' dir='ltr'><em>ΟΛΤΣΣΕΙΑΣ</em></span> <span class='ocrx_word' id='word_1_2' title='bbox 689 267 733 322; x_wconf 87' lang='lat'>111.</span> <span class='ocrx_word' id='word_1_3' title='bbox 991 262 1031 324; x_wconf 78' lang='grc'><strong><em>43</em></strong></span> 
     </span>
    </p>
   </div>
   <div class='ocr_carea' id='block_1_2' title="bbox 77 419 1032 1999">
    <p class='ocr_par' dir='ltr' id='par_1_2' title="bbox 121 419 1031 609">
     <span class='ocr_line' id='line_1_2' title="bbox 121 419 1031 515; baseline -0.008 -18"><span class='ocrx_word' id='word_1_4' title='bbox 121 429 179 510; x_wconf 73' lang='grc' dir='ltr'><strong><em>Ὡς</em></strong></span> <span class='ocrx_word' id='word_1_5' title='bbox 194 427 306 515; x_wconf 75' lang='grc' dir='ltr'><strong><em>ἔφαθ’,</em></strong></span> <span class='ocrx_word' id='word_1_6' title='bbox 324 430 358 495; x_wconf 94' lang='grc' dir='ltr'><strong><em>οί</em></strong></span> <span class='ocrx_word' id='word_1_7' title='bbox 372 421 405 494; x_wconf 88' lang='grc' dir='ltr'><strong><em>δ’</em></strong></span> <span class='ocrx_word' id='word_1_8' title='bbox 424 423 489 509; x_wconf 90' lang='grc' dir='ltr'><strong><em>ἀρα</em></strong></span> <span class='ocrx_word' id='word_1_9' title='bbox 507 423 627 504; x_wconf 86' lang='grc' dir='ltr'><strong><em>πάντες</em></strong></span> <span class='ocrx_word' id='word_1_10' title='bbox 644 426 839 492; x_wconf 73' lang='grc' dir='ltr'><strong><em>ἐποίπνυον.</em></strong></span> <span class='ocrx_word' id='word_1_11' title='bbox 870 419 956 510; x_wconf 79' lang='grc' dir='ltr'><strong><em>ἦλθε</em></strong></span> <span class='ocrx_word' id='word_1_12' title='bbox 970 427 1031 511; x_wconf 76' lang='grc' dir='ltr'><strong><em>μὲν</em></strong></span> 
     </span>
     <span class='ocr_line' id='line_1_3' title="bbox 532 518 1031 609; baseline 0.004 -20"><span class='ocrx_word' id='word_1_13' title='bbox 532 518 574 606; x_wconf 86' lang='grc' dir='ltr'><strong><em>ἀρ</em></strong></span> <span class='ocrx_word' id='word_1_14' title='bbox 592 529 673 609; x_wconf 80' lang='grc' dir='ltr'><strong><em>βοῦς</em></strong></span> <span class='ocrx_word' id='word_1_15' title='bbox 768 551 770 553; x_wconf 65' lang='grc'><strong><em>’</em></strong></span> <span class='ocrx_word' id='word_1_16' title='bbox 979 539 1031 592; x_wconf 77' lang='grc'><strong><em>430</em></strong></span> 
     </span>
    </p>

    <p class='ocr_par' dir='ltr' id='par_1_3' title="bbox 77 617 1032 1999">
     <span class='ocr_line' id='line_1_4' title="bbox 83 617 854 712; baseline -0.005 -18"><span class='ocrx_word' id='word_1_17' title='bbox 83 633 113 695; x_wconf 86' lang='grc' dir='ltr'><strong><em>ίκ</em></strong></span> <span class='ocrx_word' id='word_1_18' title='bbox 129 630 258 712; x_wconf 85' lang='grc' dir='ltr'><strong><em>πεδίου,</em></strong></span> <span class='ocrx_word' id='word_1_19' title='bbox 276 617 385 710; x_wconf 85' lang='grc' dir='ltr'><strong><em>ήλθου</em></strong></span> <span class='ocrx_word' id='word_1_20' title='bbox 404 624 440 692; x_wconf 78' lang='grc' dir='ltr'><strong><em>δέ</em></strong></span> <span class='ocrx_word' id='word_1_21' title='bbox 458 629 545 708; x_wconf 82' lang='grc' dir='ltr'><strong><em>θοῆς</em></strong></span> <span class='ocrx_word' id='word_1_22' title='bbox 561 620 650 704; x_wconf 80' lang='grc' dir='ltr'><strong><em>παρά</em></strong></span> <span class='ocrx_word' id='word_1_23' title='bbox 666 624 747 710; x_wconf 80' lang='grc' dir='ltr'><strong><em>νηὸς</em></strong></span> <span class='ocrx_word' id='word_1_24' title='bbox 765 624 854 708; x_wconf 83' lang='grc' dir='ltr'><strong><em>έίσης</em></strong></span> 
     </span>
     <span class='ocr_line' id='line_1_5' title="bbox 84 713 972 812; baseline -0.009 -20"><span class='ocrx_word' id='word_1_25' title='bbox 84 725 272 812; x_wconf 77' lang='grc' dir='ltr'><strong><em>Τηλεμάχου</em></strong></span> <span class='ocrx_word' id='word_1_26' title='bbox 291 725 402 807; x_wconf 80' lang='grc' dir='ltr'><strong><em>ἕταροι</em></strong></span> <span class='ocrx_word' id='word_1_27' title='bbox 420 721 653 808; x_wconf 74' lang='grc' dir='ltr'><strong><em>μεγαλήτορος,</em></strong></span> <span class='ocrx_word' id='word_1_28' title='bbox 670 713 755 807; x_wconf 85' lang='grc' dir='ltr'><strong><em>ήλθε</em></strong></span> <span class='ocrx_word' id='word_1_29' title='bbox 771 719 807 788; x_wconf 72' lang='grc' dir='ltr'><strong><em>δὲ</em></strong></span> <span class='ocrx_word' id='word_1_30' title='bbox 822 718 972 806; x_wconf 81' lang='grc' dir='ltr'><strong><em>χαλκεὺς</em></strong></span> 
     </span>
     <span class='ocr_line' id='line_1_6' title="bbox 82 820 902 908; baseline -0.009 -16"><span class='ocrx_word' id='word_1_31' title='bbox 82 820 146 894; x_wconf 81' lang='grc' dir='ltr'><strong><em>ὅπλ’</em></strong></span> <span class='ocrx_word' id='word_1_32' title='bbox 163 826 204 891; x_wconf 87' lang='grc' dir='ltr'><strong><em>έν</em></strong></span> <span class='ocrx_word' id='word_1_33' title='bbox 224 823 336 908; x_wconf 85' lang='grc' dir='ltr'><strong><em>χερσὶν</em></strong></span> <span class='ocrx_word' id='word_1_34' title='bbox 353 827 438 907; x_wconf 81' lang='grc' dir='ltr'><strong><em>έχων</em></strong></span> <span class='ocrx_word' id='word_1_35' title='bbox 454 822 604 906; x_wconf 81' lang='grc' dir='ltr'><strong><em>χαλκήια,</em></strong></span> <span class='ocrx_word' id='word_1_36' title='bbox 623 826 760 902; x_wconf 84' lang='grc' dir='ltr'><strong><em>πείρατα</em></strong></span> <span class='ocrx_word' id='word_1_37' title='bbox 777 821 902 906; x_wconf 88' lang='grc' dir='ltr'><strong><em>τέχνης,</em></strong></span> 
     </span>
     <span class='ocr_line' id='line_1_7' title="bbox 80 917 903 1008; baseline -0.006 -17"><span class='ocrx_word' id='word_1_38' title='bbox 80 921 206 1008; x_wconf 84' lang='grc' dir='ltr'><strong><em>ἀκμονά</em></strong></span> <span class='ocrx_word' id='word_1_39' title='bbox 224 946 259 988; x_wconf 92' lang='grc' dir='ltr'><strong><em>τε</em></strong></span> <span class='ocrx_word' id='word_1_40' title='bbox 277 920 412 1006; x_wconf 83' lang='grc' dir='ltr'><strong><em>σφῦράν</em></strong></span> <span class='ocrx_word' id='word_1_41' title='bbox 428 917 453 988; x_wconf 84' lang='grc' dir='ltr'><strong><em>τ’</em></strong></span> <span class='ocrx_word' id='word_1_42' title='bbox 472 920 649 1006; x_wconf 87' lang='grc' dir='ltr'><strong><em>εὐποίητόν</em></strong></span> <span class='ocrx_word' id='word_1_43' title='bbox 665 945 701 986; x_wconf 88' lang='grc' dir='ltr'><strong><em>τε</em></strong></span> <span class='ocrx_word' id='word_1_44' title='bbox 717 919 903 1006; x_wconf 89' lang='grc' dir='ltr'><strong><em>πυράγρην,</em></strong></span> 
     </span>
     <span class='ocr_line' id='line_1_8' title="bbox 81 1013 1030 1108; baseline -0.001 -20"><span class='ocrx_word' id='word_1_45' title='bbox 81 1015 198 1089; x_wconf 75' lang='grc' dir='ltr'><strong><em>οἷσιντε</em></strong></span> <span class='ocrx_word' id='word_1_46' title='bbox 217 1018 342 1108; x_wconf 85' lang='grc' dir='ltr'><strong><em>χρυσόν</em></strong></span> <span class='ocrx_word' id='word_1_47' title='bbox 359 1019 541 1106; x_wconf 75' lang='grc' dir='ltr'><strong><em>είργάζετο·</em></strong></span> <span class='ocrx_word' id='word_1_48' title='bbox 563 1013 649 1105; x_wconf 86' lang='grc' dir='ltr'><strong><em>ήλθε</em></strong></span> <span class='ocrx_word' id='word_1_49' title='bbox 668 1017 699 1084; x_wconf 85' lang='grc' dir='ltr'><strong><em>δ’</em></strong></span> <span class='ocrx_word' id='word_1_50' title='bbox 715 1017 840 1106; x_wconf 85' lang='grc' dir='ltr'><strong><em>Ἀθήνη</em></strong></span> <span class='ocrx_word' id='word_1_51' title='bbox 981 1035 1030 1088; x_wconf 77' lang='lat'><strong><em>43⁵</em></strong></span> 
     </span>
     <span class='ocr_line' id='line_1_9' title="bbox 81 1117 878 1206; baseline -0.003 -18"><span class='ocrx_word' id='word_1_52' title='bbox 81 1123 156 1204; x_wconf 64' lang='grc' dir='ltr'><strong><em>’ρῶν</em></strong></span> <span class='ocrx_word' id='word_1_53' title='bbox 172 1117 351 1187; x_wconf 82' lang='grc' dir='ltr'><strong><em>ἀντιόωσα.</em></strong></span> <span class='ocrx_word' id='word_1_54' title='bbox 380 1119 490 1206; x_wconf 83' lang='grc' dir='ltr'><strong><em>γέρων</em></strong></span> <span class='ocrx_word' id='word_1_55' title='bbox 507 1119 538 1186; x_wconf 83' lang='grc' dir='ltr'><strong><em>δ’</em></strong></span> <span class='ocrx_word' id='word_1_56' title='bbox 557 1117 723 1204; x_wconf 76' lang='grc' dir='ltr'><strong><em>ἱππηλάτα</em></strong></span> <span class='ocrx_word' id='word_1_57' title='bbox 739 1120 878 1204; x_wconf 78' lang='grc' dir='ltr'><strong><em>Νέστωρ</em></strong></span> 
     </span>
     <span class='ocr_line' id='line_1_10' title="bbox 77 1213 986 1304; baseline -0.002 -18"><span class='ocrx_word' id='word_1_58' title='bbox 77 1217 200 1304; x_wconf 85' lang='grc' dir='ltr'><strong><em>χρυσὸν</em></strong></span> <span class='ocrx_word' id='word_1_59' title='bbox 218 1217 327 1302; x_wconf 77' lang='grc' dir='ltr'><strong><em>ἔδωχ’·</em></strong></span> <span class='ocrx_word' id='word_1_60' title='bbox 350 1213 368 1284; x_wconf 89' lang='grc' dir='ltr'><strong>ὁ</strong></span> <span class='ocrx_word' id='word_1_61' title='bbox 385 1216 417 1285; x_wconf 87' lang='grc' dir='ltr'><strong><em>δ’</em></strong></span> <span class='ocrx_word' id='word_1_62' title='bbox 436 1222 546 1286; x_wconf 80' lang='grc' dir='ltr'><strong><em>ἔπειτα</em></strong></span> <span class='ocrx_word' id='word_1_63' title='bbox 563 1216 643 1304; x_wconf 81' lang='grc' dir='ltr'><strong><em>βοός</em></strong></span> <span class='ocrx_word' id='word_1_64' title='bbox 656 1219 794 1302; x_wconf 86' lang='grc' dir='ltr'><strong><em>κέρασιν</em></strong></span> <span class='ocrx_word' id='word_1_65' title='bbox 814 1225 986 1304; x_wconf 79' lang='grc' dir='ltr'><strong><em>περίχευεν</em></strong></span> 
     </span>
     <span class='ocr_line' id='line_1_11' title="bbox 78 1313 856 1408; baseline -0.001 -24"><span class='ocrx_word' id='word_1_66' title='bbox 78 1317 231 1408; x_wconf 73' lang='grc' dir='ltr'><strong><em>ἀσκήσας,</em></strong></span> <span class='ocrx_word' id='word_1_67' title='bbox 252 1313 293 1384; x_wconf 77' lang='grc' dir='ltr'><strong><em>’ἶν’</em></strong></span> <span class='ocrx_word' id='word_1_68' title='bbox 312 1315 442 1402; x_wconf 84' lang='grc' dir='ltr'><strong><em>ἀγαλμα</em></strong></span> <span class='ocrx_word' id='word_1_69' title='bbox 459 1315 524 1386; x_wconf 83' lang='grc' dir='ltr'><strong><em>θεά</em></strong></span> <span class='ocrx_word' id='word_1_70' title='bbox 543 1317 714 1404; x_wconf 78' lang='grc' dir='ltr'><strong><em>κεχάροιτο</em></strong></span> <span class='ocrx_word' id='word_1_71' title='bbox 729 1321 856 1386; x_wconf 88' lang='grc' dir='ltr'><strong><em>ίδοῦσα.</em></strong></span> 
     </span>
     <span class='ocr_line' id='line_1_12' title="bbox 77 1413 1029 1503; baseline -0.004 -17"><span class='ocrx_word' id='word_1_72' title='bbox 77 1425 158 1503; x_wconf 78' lang='grc' dir='ltr'><strong><em>βοῦν</em></strong></span> <span class='ocrx_word' id='word_1_73' title='bbox 177 1414 211 1485; x_wconf 88' lang='grc' dir='ltr'><strong><em>δ’</em></strong></span> <span class='ocrx_word' id='word_1_74' title='bbox 231 1415 351 1502; x_wconf 84' lang='grc' dir='ltr'><strong><em>ἀγέτην</em></strong></span> <span class='ocrx_word' id='word_1_75' title='bbox 367 1417 499 1502; x_wconf 78' lang='grc' dir='ltr'><strong><em>κεράσου</em></strong></span> <span class='ocrx_word' id='word_1_76' title='bbox 516 1422 679 1500; x_wconf 85' lang='grc' dir='ltr'><strong><em>Στρατίος</em></strong></span> <span class='ocrx_word' id='word_1_77' title='bbox 695 1417 750 1486; x_wconf 82' lang='grc' dir='ltr'><strong><em>καὶ</em></strong></span> <span class='ocrx_word' id='word_1_78' title='bbox 773 1420 842 1496; x_wconf 88' lang='grc' dir='ltr'><strong><em>δίος</em></strong></span> <span class='ocrx_word' id='word_1_79' title='bbox 856 1413 1029 1502; x_wconf 80' lang='grc' dir='ltr'><strong><em>Ἐχέφρων.</em></strong></span> 
     </span>
     <span class='ocr_line' id='line_1_13' title="bbox 79 1513 1032 1602; baseline 0 -20"><span class='ocrx_word' id='word_1_80' title='bbox 79 1520 211 1602; x_wconf 83' lang='grc' dir='ltr'><strong><em>χέρνιβα</em></strong></span> <span class='ocrx_word' id='word_1_81' title='bbox 228 1517 267 1584; x_wconf 86' lang='grc' dir='ltr'><strong><em>δέ</em></strong></span> <span class='ocrx_word' id='word_1_82' title='bbox 282 1513 336 1601; x_wconf 75' lang='grc' dir='ltr'><strong><em>σφῗ</em></strong></span> <span class='ocrx_word' id='word_1_83' title='bbox 346 1513 487 1602; x_wconf 78' lang='grc' dir='ltr'><strong><em>Ἀρητος</em></strong></span> <span class='ocrx_word' id='word_1_84' title='bbox 501 1520 540 1584; x_wconf 83' lang='grc' dir='ltr'><strong><em>έν</em></strong></span> <span class='ocrx_word' id='word_1_85' title='bbox 555 1514 756 1601; x_wconf 85' lang='grc' dir='ltr'><strong><em>ἀνθεμόεντι</em></strong></span> <span class='ocrx_word' id='word_1_86' title='bbox 772 1518 884 1600; x_wconf 81' lang='grc' dir='ltr'><strong><em>λέβητι</em></strong></span> <span class='ocrx_word' id='word_1_87' title='bbox 980 1529 1032 1582; x_wconf 77' lang='lat'><strong><em>440</em></strong></span> 
     </span>
     <span class='ocr_line' id='line_1_14' title="bbox 79 1608 956 1702; baseline -0.003 -19"><span class='ocrx_word' id='word_1_88' title='bbox 79 1613 204 1702; x_wconf 83' lang='grc' dir='ltr'><strong><em>ήλυθεν</em></strong></span> <span class='ocrx_word' id='word_1_89' title='bbox 219 1619 258 1683; x_wconf 81' lang='grc' dir='ltr'><strong><em>ἐκ</em></strong></span> <span class='ocrx_word' id='word_1_90' title='bbox 274 1615 440 1700; x_wconf 78' lang='grc' dir='ltr'><strong><em>θαλάμοιο</em></strong></span> <span class='ocrx_word' id='word_1_91' title='bbox 458 1617 583 1700; x_wconf 81' lang='grc' dir='ltr'><strong><em>φέρειν,</em></strong></span> <span class='ocrx_word' id='word_1_92' title='bbox 601 1618 695 1702; x_wconf 81' lang='grc' dir='ltr'><strong><em>ἑτέρη</em></strong></span> <span class='ocrx_word' id='word_1_93' title='bbox 713 1608 745 1680; x_wconf 85' lang='grc' dir='ltr'><strong><em>δ’</em></strong></span> <span class='ocrx_word' id='word_1_94' title='bbox 764 1617 837 1698; x_wconf 76' lang='grc' dir='ltr'><strong><em>ἔχεν</em></strong></span> <span class='ocrx_word' id='word_1_95' title='bbox 854 1609 956 1691; x_wconf 81' lang='grc' dir='ltr'><strong><em>οὐλάς</em></strong></span> 
     </span>
     <span class='ocr_line' id='line_1_15' title="bbox 79 1711 966 1805; baseline -0.001 -23"><span class='ocrx_word' id='word_1_96' title='bbox 79 1719 110 1782; x_wconf 84' lang='grc' dir='ltr'><strong><em>έν</em></strong></span> <span class='ocrx_word' id='word_1_97' title='bbox 125 1718 253 1805; x_wconf 77' lang='grc' dir='ltr'><strong><em>καυέρα·</em></strong></span> <span class='ocrx_word' id='word_1_98' title='bbox 272 1719 414 1786; x_wconf 86' lang='grc' dir='ltr'><strong><em>πέλεκυν</em></strong></span> <span class='ocrx_word' id='word_1_99' title='bbox 432 1717 468 1784; x_wconf 75' lang='grc' dir='ltr'><strong><em>δὲ</em></strong></span> <span class='ocrx_word' id='word_1_100' title='bbox 486 1715 727 1801; x_wconf 82' lang='grc' dir='ltr'><strong><em>μενεπτόλεμος</em></strong></span> <span class='ocrx_word' id='word_1_101' title='bbox 743 1711 966 1799; x_wconf 73' lang='grc' dir='ltr'><strong><em>Θρασυμήδης</em></strong></span> 
     </span>
     <span class='ocr_line' id='line_1_16' title="bbox 77 1809 925 1902; baseline -0.005 -22"><span class='ocrx_word' id='word_1_102' title='bbox 77 1809 156 1894; x_wconf 55' lang='grc' dir='ltr'><strong><em>ὐξύν,</em></strong></span> <span class='ocrx_word' id='word_1_103' title='bbox 169 1820 258 1899; x_wconf 68' lang='grc' dir='ltr'><strong><em>ἔχων</em></strong></span> <span class='ocrx_word' id='word_1_104' title='bbox 274 1817 311 1884; x_wconf 84' lang='grc' dir='ltr'><strong><em>έν</em></strong></span> <span class='ocrx_word' id='word_1_105' title='bbox 326 1819 409 1902; x_wconf 80' lang='grc' dir='ltr'><strong><em>χειρί</em></strong></span> <span class='ocrx_word' id='word_1_106' title='bbox 434 1821 624 1902; x_wconf 87' lang='grc' dir='ltr'><strong><em>παρίστατο,</em></strong></span> <span class='ocrx_word' id='word_1_107' title='bbox 643 1818 730 1900; x_wconf 79' lang='grc' dir='ltr'><strong><em>βοῦν</em></strong></span> <span class='ocrx_word' id='word_1_108' title='bbox 746 1809 925 1892; x_wconf 75' lang='grc' dir='ltr'><strong><em>ἐπικόψων.</em></strong></span> 
     </span>
     <span class='ocr_line' id='line_1_17' title="bbox 78 1909 1031 1999; baseline -0.002 -19"><span class='ocrx_word' id='word_1_109' title='bbox 78 1909 225 1999; x_wconf 85' lang='grc' dir='ltr'><strong><em>Περσεύς</em></strong></span> <span class='ocrx_word' id='word_1_110' title='bbox 242 1910 273 1978; x_wconf 89' lang='grc' dir='ltr'><strong><em>δ’</em></strong></span> <span class='ocrx_word' id='word_1_111' title='bbox 294 1909 415 1998; x_wconf 80' lang='grc' dir='ltr'><strong><em>ἀμνίον</em></strong></span> <span class='ocrx_word' id='word_1_112' title='bbox 432 1911 511 1998; x_wconf 82' lang='grc' dir='ltr'><strong><em>είχε·</em></strong></span> <span class='ocrx_word' id='word_1_113' title='bbox 533 1916 643 1998; x_wconf 83' lang='grc' dir='ltr'><strong><em>γέρων</em></strong></span> <span class='ocrx_word' id='word_1_114' title='bbox 660 1909 691 1978; x_wconf 90' lang='grc' dir='ltr'><strong><em>δ’</em></strong></span> <span class='ocrx_word' id='word_1_115' title='bbox 711 1911 876 1998; x_wconf 78' lang='grc' dir='ltr'><strong><em>ἱππηλάτα</em></strong></span> <span class='ocrx_word' id='word_1_116' title='bbox 892 1912 1031 1993; x_wconf 82' lang='grc' dir='ltr'><strong><em>Νέστωρ</em></strong></span> 
     </span>
    </p>
   </div>
   <div class='ocr_carea' id='block_1_3' title="bbox 77 2005 1139 2100">
    <p class='ocr_par' dir='ltr' id='par_1_4' title="bbox 77 2005 1139 2100">
     <span class='ocr_line' id='line_1_18' title="bbox 77 2005 1139 2100; baseline -0.003 -20"><span class='ocrx_word' id='word_1_117' title='bbox 77 2011 209 2098; x_wconf 82' lang='grc' dir='ltr'><strong><em>χέρνιβά</em></strong></span> <span class='ocrx_word' id='word_1_118' title='bbox 219 2009 243 2078; x_wconf 89' lang='grc' dir='ltr'><strong><em>τ’</em></strong></span> <span class='ocrx_word' id='word_1_119' title='bbox 254 2008 436 2098; x_wconf 85' lang='grc' dir='ltr'><strong><em>οὐλοχύτας</em></strong></span> <span class='ocrx_word' id='word_1_120' title='bbox 446 2037 481 2078; x_wconf 88' lang='grc' dir='ltr'><strong><em>τε</em></strong></span> <span class='ocrx_word' id='word_1_121' title='bbox 492 2010 682 2100; x_wconf 85' lang='grc' dir='ltr'><strong><em>κατήρχετο,</em></strong></span> <span class='ocrx_word' id='word_1_122' title='bbox 690 2010 794 2078; x_wconf 75' lang='grc' dir='ltr'><strong><em>πολλὰ</em></strong></span> <span class='ocrx_word' id='word_1_123' title='bbox 808 2005 835 2076; x_wconf 85' lang='grc' dir='ltr'><strong><em>δ’</em></strong></span> <span class='ocrx_word' id='word_1_124' title='bbox 846 2005 1032 2097; x_wconf 69' lang='grc' dir='ltr'><strong><em>Ἀθήνηλέθ</em></strong></span> <span class='ocrx_word' id='word_1_125' title='bbox 1132 2089 1139 2100; x_wconf 44' lang='grc'><strong><em>,</em></strong></span> 
     </span>
    </p>
   </div>
   <div class='ocr_carea' id='block_1_4' title="bbox 77 2108 1030 2198">
    <p class='ocr_par' dir='ltr' id='par_1_5' title="bbox 77 2108 1030 2198">
     <span class='ocr_line' id='line_1_19' title="bbox 77 2108 1030 2198; baseline 0 -22"><span class='ocrx_word' id='word_1_126' title='bbox 77 2109 174 2196; x_wconf 80' lang='grc' dir='ltr'><strong><em>εὔχετ’</em></strong></span> <span class='ocrx_word' id='word_1_127' title='bbox 187 2108 428 2197; x_wconf 88' lang='grc' dir='ltr'><strong><em>ἀπαρχόμενος,</em></strong></span> <span class='ocrx_word' id='word_1_128' title='bbox 446 2117 594 2198; x_wconf 81' lang='grc' dir='ltr'><strong><em>κεφαλῆς</em></strong></span> <span class='ocrx_word' id='word_1_129' title='bbox 609 2118 719 2196; x_wconf 88' lang='grc' dir='ltr'><strong><em>τρίχας</em></strong></span> <span class='ocrx_word' id='word_1_130' title='bbox 736 2113 773 2178; x_wconf 87' lang='grc' dir='ltr'><strong><em>έν</em></strong></span> <span class='ocrx_word' id='word_1_131' title='bbox 789 2111 869 2196; x_wconf 80' lang='grc' dir='ltr'><strong><em>πυρί</em></strong></span> <span class='ocrx_word' id='word_1_132' title='bbox 886 2109 1030 2196; x_wconf 83' lang='grc' dir='ltr'><strong><em>βάλλων.</em></strong></span> 
     </span>
    </p>
   </div>
   <div class='ocr_carea' id='block_1_5' title="bbox 113 2207 1138 2303">
    <p class='ocr_par' dir='ltr' id='par_1_6' title="bbox 113 2207 1138 2303">
     <span class='ocr_line' id='line_1_20' title="bbox 113 2207 1138 2303; baseline -0.002 -25"><span class='ocrx_word' id='word_1_133' title='bbox 113 2207 235 2294; x_wconf 75' lang='grc' dir='ltr'><strong><em>Αὐτὰρ</em></strong></span> <span class='ocrx_word' id='word_1_134' title='bbox 252 2213 325 2282; x_wconf 79' lang='grc' dir='ltr'><strong><em>ἐπεί</em></strong></span> <span class='ocrx_word' id='word_1_135' title='bbox 339 2208 370 2295; x_wconf 77' lang='grc' dir='ltr'><strong><em>ρ’</em></strong></span> <span class='ocrx_word' id='word_1_136' title='bbox 385 2209 522 2303; x_wconf 79' lang='grc' dir='ltr'><strong><em>εὔξαντο</em></strong></span> <span class='ocrx_word' id='word_1_137' title='bbox 539 2212 595 2278; x_wconf 88' lang='grc' dir='ltr'><strong><em>καὶ</em></strong></span> <span class='ocrx_word' id='word_1_138' title='bbox 612 2208 794 2296; x_wconf 80' lang='grc' dir='ltr'><strong><em>οὐλοχύτας</em></strong></span> <span class='ocrx_word' id='word_1_139' title='bbox 811 2208 1031 2296; x_wconf 80' lang='grc' dir='ltr'><strong><em>προβάλοντο,</em></strong></span> <span class='ocrx_word' id='word_1_140' title='bbox 1135 2219 1138 2228; x_wconf 82' lang='grc'><em>’</em></span> 
     </span>
    </p>
   </div>
   <div class='ocr_carea' id='block_1_6' title="bbox 73 2307 1030 2695">
    <p class='ocr_par' dir='ltr' id='par_1_7' title="bbox 73 2307 1030 2695">
     <span class='ocr_line' id='line_1_21' title="bbox 74 2307 943 2397; baseline 0 -21"><span class='ocrx_word' id='word_1_141' title='bbox 74 2308 194 2377; x_wconf 88' lang='grc' dir='ltr'><strong><em>αὐτίκα</em></strong></span> <span class='ocrx_word' id='word_1_142' title='bbox 211 2311 381 2392; x_wconf 78' lang='grc' dir='ltr'><strong><em>Νέστορος</em></strong></span> <span class='ocrx_word' id='word_1_143' title='bbox 397 2307 481 2394; x_wconf 85' lang='grc' dir='ltr'><strong><em>υίδς,</em></strong></span> <span class='ocrx_word' id='word_1_144' title='bbox 500 2307 694 2397; x_wconf 72' lang='grc' dir='ltr'><strong><em>ὑπέρθυμος</em></strong></span> <span class='ocrx_word' id='word_1_145' title='bbox 711 2310 943 2396; x_wconf 73' lang='grc' dir='ltr'><strong><em>Θρασυμήδης,</em></strong></span> 
     </span>
     <span class='ocr_line' id='line_1_22' title="bbox 73 2406 953 2494; baseline -0.003 -16"><span class='ocrx_word' id='word_1_146' title='bbox 73 2407 200 2494; x_wconf 75' lang='grc' dir='ltr'><strong><em>ἤλασεν</em></strong></span> <span class='ocrx_word' id='word_1_147' title='bbox 217 2406 293 2494; x_wconf 84' lang='grc' dir='ltr'><strong><em>ἀγχι</em></strong></span> <span class='ocrx_word' id='word_1_148' title='bbox 309 2411 404 2488; x_wconf 89' lang='grc' dir='ltr'><strong><em>στάς·</em></strong></span> <span class='ocrx_word' id='word_1_149' title='bbox 427 2415 565 2489; x_wconf 87' lang='grc' dir='ltr'><strong><em>πέλεκυς</em></strong></span> <span class='ocrx_word' id='word_1_150' title='bbox 582 2407 613 2478; x_wconf 86' lang='grc' dir='ltr'><strong><em>δ’</em></strong></span> <span class='ocrx_word' id='word_1_151' title='bbox 634 2409 780 2490; x_wconf 75' lang='grc' dir='ltr'><strong><em>ἀπέκοψε</em></strong></span> <span class='ocrx_word' id='word_1_152' title='bbox 797 2410 953 2484; x_wconf 87' lang='grc' dir='ltr'><strong><em>τένοντας</em></strong></span> 
     </span>
     <span class='ocr_line' id='line_1_23' title="bbox 75 2505 1030 2596; baseline -0.003 -19"><span class='ocrx_word' id='word_1_153' title='bbox 75 2507 261 2594; x_wconf 70' lang='grc' dir='ltr'><strong><em>αὐχενίους,</em></strong></span> <span class='ocrx_word' id='word_1_154' title='bbox 279 2517 382 2576; x_wconf 79' lang='grc' dir='ltr'><strong><em>λῦσεν</em></strong></span> <span class='ocrx_word' id='word_1_155' title='bbox 398 2511 434 2577; x_wconf 74' lang='grc' dir='ltr'><strong><em>δέ</em></strong></span> <span class='ocrx_word' id='word_1_156' title='bbox 450 2507 531 2596; x_wconf 79' lang='grc' dir='ltr'><strong><em>βοὸς</em></strong></span> <span class='ocrx_word' id='word_1_157' title='bbox 547 2513 661 2596; x_wconf 87' lang='grc' dir='ltr'><strong><em>μένος·</em></strong></span> <span class='ocrx_word' id='word_1_158' title='bbox 686 2511 721 2576; x_wconf 88' lang='grc' dir='ltr'><strong><em>αί</em></strong></span> <span class='ocrx_word' id='word_1_159' title='bbox 738 2505 768 2576; x_wconf 89' lang='grc' dir='ltr'><strong><em>δ’</em></strong></span> <span class='ocrx_word' id='word_1_160' title='bbox 788 2505 953 2585; x_wconf 79' lang='grc' dir='ltr'><strong><em>ὀλόλυξαν</em></strong></span> <span class='ocrx_word' id='word_1_161' title='bbox 980 2521 1030 2574; x_wconf 68' lang='lat'><strong><em>450</em></strong></span> 
     </span>
     <span class='ocr_line' id='line_1_24' title="bbox 76 2605 862 2695; baseline -0.005 -19"><span class='ocrx_word' id='word_1_162' title='bbox 76 2613 260 2695; x_wconf 77' lang='grc' dir='ltr'><strong><em>θυγατέρες</em></strong></span> <span class='ocrx_word' id='word_1_163' title='bbox 276 2634 311 2676; x_wconf 94' lang='grc' dir='ltr'><strong><em>τε</em></strong></span> <span class='ocrx_word' id='word_1_164' title='bbox 329 2615 407 2678; x_wconf 88' lang='grc' dir='ltr'><strong><em>νυοί</em></strong></span> <span class='ocrx_word' id='word_1_165' title='bbox 422 2634 457 2675; x_wconf 87' lang='grc' dir='ltr'><strong><em>τε</em></strong></span> <span class='ocrx_word' id='word_1_166' title='bbox 473 2610 529 2676; x_wconf 83' lang='grc' dir='ltr'><strong><em>καί</em></strong></span> <span class='ocrx_word' id='word_1_167' title='bbox 545 2612 653 2691; x_wconf 86' lang='grc' dir='ltr'><strong><em>αίδοέη</em></strong></span> <span class='ocrx_word' id='word_1_168' title='bbox 669 2605 862 2692; x_wconf 84' lang='grc' dir='ltr'><strong><em>παράκοιτις</em></strong></span> 
     </span>
    </p>
   </div>
   <div class='ocr_carea' id='block_1_7' title="bbox 75 2705 1144 2804">
    <p class='ocr_par' dir='ltr' id='par_1_8' title="bbox 75 2705 1144 2804">
     <span class='ocr_line' id='line_1_25' title="bbox 75 2705 1144 2804; baseline -0.006 -30"><span class='ocrx_word' id='word_1_169' title='bbox 75 2713 256 2792; x_wconf 86' lang='grc' dir='ltr'><strong><em>Νέστορος,</em></strong></span> <span class='ocrx_word' id='word_1_170' title='bbox 273 2705 456 2793; x_wconf 73' lang='grc' dir='ltr'><strong><em>Εὐρυδίκη,</em></strong></span> <span class='ocrx_word' id='word_1_171' title='bbox 475 2709 602 2794; x_wconf 83' lang='grc' dir='ltr'><strong><em>πρέσβα</em></strong></span> <span class='ocrx_word' id='word_1_172' title='bbox 618 2707 806 2792; x_wconf 86' lang='grc' dir='ltr'><strong><em>Κλυμένοιο</em></strong></span> <span class='ocrx_word' id='word_1_173' title='bbox 824 2711 1015 2789; x_wconf 74' lang='grc' dir='ltr'><strong><em>θυγατρῶν.</em></strong></span> <span class='ocrx_word' id='word_1_174' title='bbox 1139 2795 1144 2804; x_wconf 84' lang='lat'>.</span> 
     </span>
    </p>
   </div>
   <div class='ocr_carea' id='block_1_8' title="bbox 72 2802 1034 3582">
    <p class='ocr_par' dir='ltr' id='par_1_9' title="bbox 72 2802 1034 3582">
     <span class='ocr_line' id='line_1_26' title="bbox 73 2802 927 2892; baseline -0.001 -20"><span class='ocrx_word' id='word_1_175' title='bbox 73 2807 186 2891; x_wconf 75' lang='grc' dir='ltr'><strong><em>οἱμὲν</em></strong></span> <span class='ocrx_word' id='word_1_176' title='bbox 203 2802 299 2874; x_wconf 83' lang='grc' dir='ltr'><strong><em>ἔπειτ’</em></strong></span> <span class='ocrx_word' id='word_1_177' title='bbox 319 2803 498 2886; x_wconf 80' lang='grc' dir='ltr'><strong><em>ἀνελόντες,</em></strong></span> <span class='ocrx_word' id='word_1_178' title='bbox 511 2805 576 2874; x_wconf 81' lang='grc' dir='ltr'><strong><em>ἀπὸ</em></strong></span> <span class='ocrx_word' id='word_1_179' title='bbox 595 2804 719 2892; x_wconf 87' lang='grc' dir='ltr'><strong><em>χθονὸς</em></strong></span> <span class='ocrx_word' id='word_1_180' title='bbox 734 2803 927 2892; x_wconf 86' lang='grc' dir='ltr'><strong><em>εὐρυοδείης</em></strong></span> 
     </span>
     <span class='ocr_line' id='line_1_27' title="bbox 73 2901 1030 2996; baseline -0.005 -25"><span class='ocrx_word' id='word_1_181' title='bbox 73 2909 188 2991; x_wconf 77' lang='grc' dir='ltr'><strong><em>ἔσχον·</em></strong></span> <span class='ocrx_word' id='word_1_182' title='bbox 210 2903 295 2991; x_wconf 85' lang='grc' dir='ltr'><strong><em>ἀτάρ</em></strong></span> <span class='ocrx_word' id='word_1_183' title='bbox 312 2906 438 2990; x_wconf 83' lang='grc' dir='ltr'><strong><em>σφάξεν</em></strong></span> <span class='ocrx_word' id='word_1_184' title='bbox 455 2911 704 2992; x_wconf 87' lang='grc' dir='ltr'><strong><em>Πεισίστρατος,</em></strong></span> <span class='ocrx_word' id='word_1_185' title='bbox 727 2903 870 2996; x_wconf 83' lang='grc' dir='ltr'><strong><em>ὄρχαμος</em></strong></span> <span class='ocrx_word' id='word_1_186' title='bbox 886 2901 1030 2987; x_wconf 75' lang='grc' dir='ltr'><strong><em>ἀνδρῶν.</em></strong></span> 
     </span>
     <span class='ocr_line' id='line_1_28' title="bbox 74 2998 1031 3091; baseline -0.003 -21"><span class='ocrx_word' id='word_1_187' title='bbox 74 3011 128 3090; x_wconf 80' lang='grc' dir='ltr'><strong><em>τῆς</em></strong></span> <span class='ocrx_word' id='word_1_188' title='bbox 145 3002 180 3071; x_wconf 85' lang='grc' dir='ltr'><strong><em>δ’</em></strong></span> <span class='ocrx_word' id='word_1_189' title='bbox 203 3007 274 3072; x_wconf 81' lang='grc' dir='ltr'><strong><em>ἐπεί</em></strong></span> <span class='ocrx_word' id='word_1_190' title='bbox 289 3007 326 3073; x_wconf 78' lang='grc' dir='ltr'><strong><em>ἐκ</em></strong></span> <span class='ocrx_word' id='word_1_191' title='bbox 343 3006 448 3091; x_wconf 85' lang='grc' dir='ltr'><strong><em>μέλαν</em></strong></span> <span class='ocrx_word' id='word_1_192' title='bbox 464 3001 637 3090; x_wconf 76' lang='grc' dir='ltr'><strong><em>αἷμαράη,</em></strong></span> <span class='ocrx_word' id='word_1_193' title='bbox 653 3011 728 3072; x_wconf 87' lang='grc' dir='ltr'><strong><em>λίπε</em></strong></span> <span class='ocrx_word' id='word_1_194' title='bbox 746 3001 778 3068; x_wconf 84' lang='grc' dir='ltr'><strong><em>δ’</em></strong></span> <span class='ocrx_word' id='word_1_195' title='bbox 796 3000 893 3070; x_wconf 83' lang='grc' dir='ltr'><strong><em>ὀστέα</em></strong></span> <span class='ocrx_word' id='word_1_196' title='bbox 910 2998 1031 3087; x_wconf 85' lang='grc' dir='ltr'><strong><em>θυμὸς,</em></strong></span> 
     </span>
     <span class='ocr_line' id='line_1_29' title="bbox 73 3100 1029 3189; baseline 0.001 -20"><span class='ocrx_word' id='word_1_197' title='bbox 73 3101 137 3182; x_wconf 74' lang='grc' dir='ltr'><strong><em>αἶψ’</em></strong></span> <span class='ocrx_word' id='word_1_198' title='bbox 158 3100 225 3186; x_wconf 84' lang='grc' dir='ltr'><strong><em>ἀρα</em></strong></span> <span class='ocrx_word' id='word_1_199' title='bbox 241 3128 301 3188; x_wconf 91' lang='grc' dir='ltr'><strong><em>μιν</em></strong></span> <span class='ocrx_word' id='word_1_200' title='bbox 318 3105 479 3188; x_wconf 86' lang='grc' dir='ltr'><strong><em>διέχευαν,</em></strong></span> <span class='ocrx_word' id='word_1_201' title='bbox 498 3102 591 3189; x_wconf 82' lang='grc' dir='ltr'><strong><em>ἀφαρ</em></strong></span> <span class='ocrx_word' id='word_1_202' title='bbox 609 3101 641 3171; x_wconf 88' lang='grc' dir='ltr'><strong><em>δ’</em></strong></span> <span class='ocrx_word' id='word_1_203' title='bbox 659 3105 696 3170; x_wconf 85' lang='grc' dir='ltr'><strong><em>ίκ</em></strong></span> <span class='ocrx_word' id='word_1_204' title='bbox 712 3107 814 3189; x_wconf 88' lang='grc' dir='ltr'><strong><em>μηρία</em></strong></span> <span class='ocrx_word' id='word_1_205' title='bbox 829 3101 959 3188; x_wconf 88' lang='grc' dir='ltr'><strong><em>τάμνον</em></strong></span> <span class='ocrx_word' id='word_1_206' title='bbox 980 3114 1029 3170; x_wconf 61' lang='lat'><strong><em>4²⁴</em></strong></span> 
     </span>
     <span class='ocr_line' id='line_1_30' title="bbox 73 3198 895 3290; baseline 0.001 -23"><span class='ocrx_word' id='word_1_207' title='bbox 73 3201 184 3268; x_wconf 83' lang='grc' dir='ltr'><strong><em>πάντα</em></strong></span> <span class='ocrx_word' id='word_1_208' title='bbox 201 3198 286 3269; x_wconf 89' lang='grc' dir='ltr'><strong><em>κατά</em></strong></span> <span class='ocrx_word' id='word_1_209' title='bbox 304 3216 434 3290; x_wconf 79' lang='grc' dir='ltr'><strong><em>μοῖραν,</em></strong></span> <span class='ocrx_word' id='word_1_210' title='bbox 456 3202 539 3271; x_wconf 90' lang='grc' dir='ltr'><strong><em>κατά</em></strong></span> <span class='ocrx_word' id='word_1_211' title='bbox 556 3229 591 3270; x_wconf 93' lang='grc' dir='ltr'><strong><em>τε</em></strong></span> <span class='ocrx_word' id='word_1_212' title='bbox 608 3209 706 3290; x_wconf 88' lang='grc' dir='ltr'><strong><em>κνίση</em></strong></span> <span class='ocrx_word' id='word_1_213' title='bbox 723 3201 895 3282; x_wconf 76' lang='grc' dir='ltr'><strong><em>ἐκάλυψαν</em></strong></span> 
     </span>
     <span class='ocr_line' id='line_1_31' title="bbox 73 3299 954 3388; baseline 0.003 -24"><span class='ocrx_word' id='word_1_214' title='bbox 73 3304 215 3386; x_wconf 87' lang='grc' dir='ltr'><strong><em>δίπτυχα</em></strong></span> <span class='ocrx_word' id='word_1_215' title='bbox 232 3301 440 3388; x_wconf 84' lang='grc' dir='ltr'><strong><em>πονήσαντες,</em></strong></span> <span class='ocrx_word' id='word_1_216' title='bbox 463 3299 516 3369; x_wconf 78' lang='grc' dir='ltr'><strong><em>ἐπ’</em></strong></span> <span class='ocrx_word' id='word_1_217' title='bbox 536 3299 648 3370; x_wconf 79' lang='grc' dir='ltr'><strong><em>αὐτῶν</em></strong></span> <span class='ocrx_word' id='word_1_218' title='bbox 666 3299 699 3370; x_wconf 83' lang='grc' dir='ltr'><strong><em>δ’</em></strong></span> <span class='ocrx_word' id='word_1_219' title='bbox 717 3300 954 3388; x_wconf 65' lang='grc' dir='ltr'><strong><em>ὠμοθέτησανΓ</em></strong></span> 
     </span>
     <span class='ocr_line' id='line_1_32' title="bbox 72 3397 993 3489; baseline 0 -23"><span class='ocrx_word' id='word_1_220' title='bbox 72 3413 144 3466; x_wconf 81' lang='grc' dir='ltr'><strong><em>καῖε</em></strong></span> <span class='ocrx_word' id='word_1_221' title='bbox 163 3397 195 3466; x_wconf 86' lang='grc' dir='ltr'><strong><em>δ’</em></strong></span> <span class='ocrx_word' id='word_1_222' title='bbox 214 3399 267 3467; x_wconf 79' lang='grc' dir='ltr'><strong><em>ἐπὶ</em></strong></span> <span class='ocrx_word' id='word_1_223' title='bbox 283 3405 392 3488; x_wconf 78' lang='grc' dir='ltr'><strong><em>σχίζῃς</em></strong></span> <span class='ocrx_word' id='word_1_224' title='bbox 407 3398 425 3468; x_wconf 89' lang='grc' dir='ltr'>ὁ</span> <span class='ocrx_word' id='word_1_225' title='bbox 442 3405 560 3488; x_wconf 83' lang='grc' dir='ltr'><strong><em>γέρων,</em></strong></span> <span class='ocrx_word' id='word_1_226' title='bbox 579 3405 632 3470; x_wconf 80' lang='grc' dir='ltr'><strong><em>ἐπὶ</em></strong></span> <span class='ocrx_word' id='word_1_227' title='bbox 648 3399 680 3468; x_wconf 84' lang='grc' dir='ltr'><strong><em>δ’</em></strong></span> <span class='ocrx_word' id='word_1_228' title='bbox 700 3411 827 3470; x_wconf 88' lang='grc' dir='ltr'><strong><em>αίθοπα</em></strong></span> <span class='ocrx_word' id='word_1_229' title='bbox 844 3397 938 3468; x_wconf 82' lang='grc' dir='ltr'><strong><em>οίνον</em></strong></span> <span class='ocrx_word' id='word_1_230' title='bbox 984 3478 993 3489; x_wconf 36' lang='lat'>⁸</span> 
     </span>
     <span class='ocr_line' id='line_1_33' title="bbox 73 3495 1034 3582; baseline -0.003 -17"><span class='ocrx_word' id='word_1_231' title='bbox 73 3506 177 3581; x_wconf 76' lang='grc' dir='ltr'><strong><em>λεῖβε·</em></strong></span> <span class='ocrx_word' id='word_1_232' title='bbox 193 3500 265 3566; x_wconf 90' lang='grc' dir='ltr'><strong><em>νέοι</em></strong></span> <span class='ocrx_word' id='word_1_233' title='bbox 283 3495 318 3564; x_wconf 73' lang='grc' dir='ltr'><strong><em>δέ</em></strong></span> <span class='ocrx_word' id='word_1_234' title='bbox 336 3497 411 3580; x_wconf 86' lang='grc' dir='ltr'><strong><em>παρ’</em></strong></span> <span class='ocrx_word' id='word_1_235' title='bbox 424 3495 532 3566; x_wconf 83' lang='grc' dir='ltr'><strong><em>αὐτόν.</em></strong></span> <span class='ocrx_word' id='word_1_236' title='bbox 546 3505 622 3582; x_wconf 82' lang='grc' dir='ltr'><strong><em>έχου</em></strong></span> <span class='ocrx_word' id='word_1_237' title='bbox 638 3497 840 3582; x_wconf 73' lang='grc' dir='ltr'><strong><em>πεμπώβολα</em></strong></span> <span class='ocrx_word' id='word_1_238' title='bbox 850 3503 1034 3580; x_wconf 77' lang='grc' dir='ltr'><strong><em>χερσίνίδο</em></strong></span> 
     </span>
    </p>
   </div>
   <div class='ocr_carea' id='block_1_9' title="bbox 0 0 1250 3922">
    <p class='ocr_par' dir='ltr' id='par_1_10' title="bbox 0 0 1250 3922">
     <span class='ocr_line' id='line_1_34' title="bbox 0 0 1250 3922; baseline 0 1"><span class='ocrx_word' id='word_1_239' title='bbox 0 0 1250 3922; x_wconf 95' lang='lat' dir='ltr'><strong><em> </em></strong></span> 
     </span>
    </p>
   </div>
  </div>
 </body>
</html>
