2392 3914
332 237 629 296 ΟΔΤΣΣΕΙΑΣ
655 241 741 298 XVII.
956 237 1019 304 273

72 391 132 461 ἀλλ’
150 393 233 482 ἔμεν’
254 394 446 482 ἀσφαλέως·
465 392 483 462 ὁ
501 397 537 466 δὲ
559 399 759 486 μερμήριξεν
774 398 951 482 Ὀδυσσεύς
966 417 1019 471 235

73 491 100 577 ήὲ
113 499 261 580 μεταΐξας
277 493 413 584 ροπάλφ
436 497 471 562 ἐκ
485 493 602 582 θυμόν
618 497 736 585 ἕλοιτο,
851 503 855 510 ’

72 586 176 678 ήπρὸς
194 601 260 680 γῆν
284 594 413 663 ἐλάσειε
430 593 516 682 κάρη
551 585 718 682 ἀμφοάδλς
738 593 860 683 ἀείρας.

68 688 131 758 ἀλλ’
155 693 375 779 ἐπετόλμησε,
401 694 499 780 φρεσὶ
526 692 555 761 δ’
579 699 706 781 ἔσχετο·
730 696 790 768 τόν
810 697 847 766 δὲ
868 696 1019 786 συβότης

68 787 175 858 νείκεσ’
194 789 317 858 έσάντα
333 788 433 878 ίδάν,
455 795 539 878 μέγα
556 791 587 860 δ’
602 794 719 876 εὔξατο
736 793 1022 885 χείραςάνασχάν·

99 890 263 978 ,Νύμφαι
279 903 453 979 κρηναίαι,
470 900 591 982 κοῦραι
606 892 706 980 Διὸς,
720 892 825 964 είποτ’
840 892 1020 975 Ὀδυσσεὺς

65 985 135 1075 ὔμμ’
156 991 207 1058 ἐπὶ
223 988 317 1078 μηρί’
332 995 423 1078 ἔκηε,
440 992 593 1073 καλύψας
610 999 702 1062 πίονι
719 999 822 1086 δημῷ,
966 1007 1016 1064 241

64 1086 167 1174 ἀρνῶν
183 1087 238 1178 ἠδ’
262 1094 406 1178 ἐρίφων,
421 1091 498 1162 τόδε
519 1119 576 1178 μοι
596 1092 755 1181 κρηήνατ’
775 1097 909 1179 ἐέλδωρ,

64 1185 102 1267 ἀς
116 1192 210 1257 ἔλθοι
227 1189 291 1277 μὲν
312 1203 424 1270 κεῖνος
441 1189 544 1279 ἀνήρ,
566 1190 686 1278 ἀγάγοι
705 1193 773 1260 δέέ
790 1196 932 1279 δαίμων·

63 1296 101 1377 τῷ
117 1293 155 1357 κε’
169 1316 220 1358 τοι
237 1287 377 1376 ἀγλαΐας
391 1315 430 1376 γε
448 1291 696 1360 διασκεδάσειεν
712 1288 851 1379 ἀπάσας,

60 1385 112 1466 τάς
129 1397 195 1456 νῦν
211 1386 360 1480 ὑβρίζων
378 1393 527 1477 φορέεις,
547 1389 753 1478 ἀλαλήμενος
769 1392 833 1462 αίελ
965 1407 1018 1462 245

61 1482 139 1554 ἀστυ
158 1485 246 1556 κάτ’·
269 1487 377 1575 αάτάρ
399 1496 489 1576 μῆλα
507 1491 605 1559 κακοί
622 1495 804 1576 φθείρουσι
820 1486 976 1577 νομῆες(ζ

96 1583 162 1653 Τόν
179 1584 212 1652 δ’
231 1579 313 1655 αὖτε
330 1591 508 1676 προσέειπε
523 1586 738 1674 Μελάνθιος,
756 1587 894 1666 αἰπόλος
912 1595 1017 1675 αίγῶν

60 1679 105 1770 ,ἀ
122 1685 241 1772 πόποι,
259 1683 334 1756 οἷον
352 1691 440 1756 ἔειπε
458 1687 553 1756 τιν’ων
574 1685 725 1774 ὀλοφάῑα
742 1683 851 1771 είδῶς,

9 1819 10 1862 χ
58 1784 111 1853 τόν
128 1781 202 1853 ποτ’
226 1783 315 1872 έγάν
333 1789 385 1856 ἐπὶ
401 1784 692 1874 νηδςέδσσέλμοιο
709 1792 865 1873 μελαίνης

58 1882 119 1963 ἀξω
132 1881 200 1972 τῆλ’
217 1881 370 1973 Ἰθάκης,
389 1889 445 1954 λ’να
463 1912 521 1973 μοι
536 1893 652 1974 βίοτον
674 1883 784 1954 πολὺν
805 1885 916 1972 ἀλφοι.
964 1904 1016 1958 250

10 2027 11 2032 κ
58 1987 87 2050 αἲ
101 1982 165 2070 γάρ
185 1987 382 2072 Τηλέμαχον
399 1977 498 2072 βάλοι
520 1982 744 2073 ἀργυρότοξος
762 1981 932 2054 Ἀπόλλων
1059 2065 1066 2073 μ

57 2081 197 2170 σήμερον
215 2083 446 2170 ένμεγάροις,
464 2080 487 2171 ῆ
504 2083 570 2152 όπδ
586 2091 772 2170 μνηστῆρσι
786 2087 913 2170 δαμείη,

58 2181 95 2262 ός
111 2181 258 2269 Ὀδνσῆί
270 2209 309 2270 γε
331 2192 436 2268 τηλοῦ
453 2181 606 2252 ἀπώλετο
622 2181 782 2268 νόστιμον
797 2174 922 2268 ήμαρ.“

82 2279 139 2363 Ὣς
156 2279 265 2352 είπάν
280 2279 363 2361 τοὺς
376 2283 439 2369 μὲν
448 2288 546 2352 λίπεν
561 2279 669 2350 αὐτοῦ
691 2274 756 2368 ῆκα
778 2280 924 2370 κιόντας,

58 2381 155 2472 τάτάρ
174 2379 192 2451 ὁ
216 2389 278 2470 βῆ,
301 2382 392 2468 μάλα
410 2379 444 2450 δ’
463 2373 533 2450 ω’κα
551 2381 675 2468 δόμους
690 2385 807 2448 ἵκανεν
822 2377 973 2459 ἄνακτος.

10 2467 11 2484 ’
57 2481 165 2551 αὐτίκα
185 2479 218 2549 δ’
238 2491 318 2572 είσω
336 2489 405 2566 λεν,
423 2480 504 2567 μετὰ
526 2482 561 2550 δὲ
578 2486 764 2568 μνηστῆρσι
781 2483 927 2565 καθλζεν,
963 2492 1013 2548 256

57 2579 165 2651 ἀντίον
186 2579 412 2670 Εὐρυμάχου·
433 2579 493 2649 τὸν
503 2579 570 2668 γάρ
589 2581 743 2668 φιλέεσκε
754 2576 903 2664 μάλιστα.

56 2689 93 2770 τῷ
104 2681 199 2769 πάρα
216 2681 280 2768 μὲν
297 2681 423 2767 κρειόν
438 2694 561 2767 μοῖραν
578 2681 687 2747 θέσαν
703 2681 737 2745 οδ
750 2675 921 2761 πονέοντο,
1015 2693 1024 2706 “

58 2795 142 2849 σῖτον
159 2777 193 2849 δ’
213 2784 325 2866 αίδοίη
346 2786 447 2867 ταμίη
463 2783 635 2865 παρέθηκε
652 2777 802 2863 φέρουσα

58 2882 193 2966 ἔδμεναι.
218 2876 404 2965 ἀγχίμολον
421 2873 622 2955 δ”Οδυσεάς
637 2875 694 2944 καὶ
712 2878 782 2954 δῖος
792 2870 942 2962 ὑφορβός
961 2890 1014 2944 260

55 2980 170 3067 Ιστήτην
187 2981 375 3066 ἐρχομένω,
397 2978 472 3066 περλ
488 2981 526 3045 δέ
539 2999 643 3062 σφεας
653 2971 755 3060 ἤλυθ’
770 2970 830 3060 ίωή

57 3078 237 3166 φόρμιγγος
252 3083 446 3164 γλαφυρῆς·
469 3074 534 3144 ἀνά
554 3073 619 3162 γάρ
636 3092 730 3159 σφισι
745 3071 877 3160 βάλλετ’
890 3069 1012 3142 ἀείδειν

58 3178 192 3266 Φήμιος·
217 3175 328 3264 αάταρ
346 3172 366 3246 ό
376 3174 486 3264 χειρὸς
498 3176 582 3245 ε’λάν
600 3173 775 3261 προσέειπε
795 3171 950 3259 συβώτην

87 3277 243 3366 ,,Εάμαι’,
260 3271 284 3365 ῆ
298 3275 389 3364 μάλα
407 3275 447 3365 δή
468 3278 548 3345 τάδε
566 3273 701 3360 δόματα
717 3267 789 3339 κάλ’
805 3269 972 3356 Ὀδυσῆος,

57 3378 116 3454 όεῑα
135 3374 168 3445 δ’
187 3373 344 3463 ἀρίγνωτ’
363 3379 433 3444 έστί
450 3379 505 3445 καὶ
522 3379 560 3444 έν
576 3379 750 3441 πολλοῖσιν
766 3370 906 3437 ἰδέσθαι.
959 3379 1012 3436 265

57 3477 83 3554 ἐξ
98 3479 222 3554 ἑτέρων
243 3479 318 3558 ἔτερ
339 3477 446 3564 ἐστίν,
472 3475 654 3562 ἐπήσκηται
672 3475 709 3538 δὲ
726 3471 760 3534 οἱ
775 3465 859 3553 αόλή

102 3577 210 3630 Homeri
233 3577 366 3644 Odyssea.
813 3566 846 3620 18
