2396 3914
281 278 289 292 ‘
345 283 635 342 oamfflz
657 287 727 344 xm.
950 285 1012 349 2⁰3

73 447 120 510 καί
132 469 191 528 μιν
210 440 368 528 φωνήσας
385 447 463 510 ἐπεα
481 441 661 526 πτερόεντα
678 446 869 533 προσηύδα·

104 546 230 629 ,Χαῖρε
245 569 317 628 μοι,
338 533 366 608 ἀ
383 546 548 628 βασίλεια,
573 544 763 631 διαμπερὲς,
783 546 891 616 είσόκε
908 553 1012 635 γήρας

70 642 145 726 ἔλθη
160 644 216 708 καὶ
230 641 389 725 θάνατος,
405 636 471 708 κάτ’
490 637 542 706 ἐπ’
562 639 773 725 ἀνθρώποισι
789 647 945 712 πέλονται
976 659 1012 714 60

72 735 166 822 αὐτάρ
184 737 251 825 ἐγώ
269 743 399 825 νέομαι·
418 736 461 806 σά
479 738 514 808 δὲ
530 745 647 825 τέρπεο
665 738 745 829 τῷδ’
763 743 813 809 ἐνὶ
830 751 911 831 οίκφ

70 847 153 904 παισί
166 865 202 906 τε
218 839 274 907 καὶ
290 848 398 906 λαοῖσι
415 840 470 905 καί
485 836 644 927 Ἀλκινόφ
660 845 825 926 βασιλήῖ.“

96 935 151 1016 Ὦς
168 936 273 1007 είπάν
291 935 376 1020 ὑπὲρ
393 935 498 1004 οὐδόν
515 937 649 1024 ἐβήσετο
666 941 735 1016 δῖος
749 938 927 1018 Ὀδυσσεύς

68 1043 106 1122 τῷ
123 1033 154 1102 δ’
172 1032 241 1122 ἅμα
258 1036 389 1122 κήρυκα
405 1043 513 1120 προΐει
531 1039 629 1121 μένος
643 1033 839 1124 Ἀλκινόοιο,

69 1129 211 1216 ήγεῖσθαι
227 1138 281 1202 ἐπὶ
298 1141 364 1220 νήα
380 1132 470 1221 θοήν
487 1137 542 1202 καὶ
558 1143 640 1201 θῖνα
657 1135 846 1221 θαλάσσης·
977 1153 1012 1207 6ο

65 1225 171 1318 ’Λρήτη
190 1231 221 1299 δ’
243 1231 308 1316 ἀρα
325 1237 360 1301 οί
375 1231 486 1319 δμωάς
503 1231 556 1319 ἀμ’
577 1239 700 1320 ἔπεμπε
715 1247 886 1324 γυναῖκας,

69 1327 119 1414 τήν
135 1331 196 1416 μὲν
216 1339 324 1416 φᾶρος
339 1337 481 1418 ἔχουσαν
499 1331 659 1410 ἐϋπλυνὲς
677 1329 735 1418 ήδέ
752 1339 883 1420 χιτῶνα,

66 1425 121 1512 τήν
137 1427 168 1496 δ’
187 1433 304 1516 ἑτέρην
320 1429 423 1517 χηλὸν
439 1432 588 1518 πυκινήν
604 1429 795 1520 ἀμ’,όπασσε
815 1438 973 1519 κομίζειν·

68 1525 84 1610 ή
99 1524 129 1593 δ’
145 1525 228 1616 άλλη
246 1529 340 1598 σῖτόν
356 1529 382 1597 τ’
399 1536 519 1617 ἐφερεν
537 1531 592 1599 καὶ
609 1529 704 1598 οἶνον
718 1533 876 1616 ἐρυθρόν.

99 1623 211 1714 Αάτάρ
229 1631 303 1695 ἐπεί
319 1626 352 1713 δ’
370 1629 422 1697 ἐπὶ
439 1637 504 1714 νήα
520 1630 713 1716 κατήλυθον
728 1628 787 1716 ήδέ
803 1630 988 1719 θάλασσαν,

65 1721 137 1805 αἶψα
152 1725 223 1812 τάγ’
240 1729 279 1796 ἐν
295 1733 353 1812 νηῒ
366 1735 523 1816 γλαφυρῇ
542 1735 690 1815 πομπῆες
707 1727 827 1814 ἀγανοὶ
977 1743 1006 1799 71

66 1824 230 1910 δεξόμενοι
246 1830 444 1914 κατέθεντο,
462 1828 563 1896 πόσιν
576 1831 632 1895 καί
651 1835 780 1915 βρῶσιν
796 1826 943 1896 ἅπασαν·

61 1921 119 1988 κὰδ
151 1921 185 1991 δ’
202 1923 259 2011 ἀρ’
275 1922 441 2012 Ὀδυσσῆι
456 1927 619 2010 στόρεσαν
636 1927 737 2012 ῥῆγός
752 1952 787 1992 τε
804 1933 899 1994 λίνον
915 1953 949 1994 τε

66 2023 138 2104 νηὸς
153 2021 207 2089 ἐπ’
229 2024 379 2110 ἰκριόφιν
395 2031 585 2111 γλαφυρῆς,
602 2029 657 2092 ἵνα
672 2026 835 2112 νήγρετον
853 2025 955 2111 εὕδοι,

63 2121 222 2208 πρύμνης·
240 2119 285 2190 ἀν
298 2126 339 2192 δέ
356 2126 411 2192 καὶ
429 2122 529 2202 αὐτὸς
545 2123 681 2211 ἐβήσετο
699 2125 754 2192 καὶ
771 2129 943 2193 κατέλεκτο
976 2139 1008 2196 75

65 2227 145 2304 σιγή·
162 2223 212 2288 τοὶ
231 2223 267 2290 δέ
283 2229 423 2304 καθῖζον
440 2223 491 2291 ἐπὶ
508 2217 640 2307 κληῗσιν
653 2224 784 2290 ἕκαστοι

61 2315 183 2407 κόσμῳ,
197 2334 319 2406 πεῖσμα
337 2320 368 2388 δ’
388 2328 513 2390 ἔλυσαν
530 2319 595 2389 ἀπό
613 2336 745 2408 τρητοῖο
764 2329 883 2391 λίθοιο.

58 2413 123 2481 ἐνθ’
141 2423 176 2485 οί
191 2417 451 2500 ἀνακλινθέντες
469 2419 691 2507 ἀνερρίπτουν
709 2419 772 2488 ἀλα
790 2425 896 2511 πηδῷ,
971 2459 973 2462 -

59 2513 168 2606 καὶτῷ
186 2517 374 2604 νήδυμος”
350 2543 458 2599 υπυος
475 2521 529 2588 ἐπὶ
545 2519 764 2606 βλεφάροισιν
782 2525 926 2602 ἔπιπτεν,

60 2609 210 2732 νήγρετος
242 2614 392 2704 ήδιστος,
408 2618 589 2708 θανάτῳ”
566 2639 703 2704 αγχιστα
719 2617 841 2696 εὀικάς.
938 2657 941 2666 ,
973 2631 1009 2688 80

59 2707 133 2796 η”,δ
154 2710 228 2780 ὥστ’
248 2717 284 2780 ἐν
301 2721 402 2805 πεδίῳ
420 2718 592 2802 τετράοροι
608 2716 745 2805 άρσενες
761 2721 866 2804 ἵπποι,

57 2806 170 2888 πάντες
188 2809 243 2895 ἀμ’
261 2811 500 2900 ὁρμηθέντες’
481 2817 547 2884 υπὸ
566 2825 731 2905 πληγηοιν
746 2815 921 2905 ίμάσθλης,

57 2899 152 3026 ²{d10'6'
168 2907 357 2998 ἀειρόμενοι
374 2915 479 3002 ῥίμφα
496 2916 684 3003 πρήσσουσι
701 2921 875 3004 κέλευθον,

56 2995 94 3078 ὥς
111 3001 176 3126 ἄρα
193 3016 251 3095 τῆς
268 3011 404 3098 πρύμνη
423 3016 484 3098 μὲν
501 3012 645 3100 ἀείρετο,
663 3022 753 3100 κῦμα
771 3012 802 3082 δ’
816 3015 959 3084 ὄπισθεν

53 3104 245 3214 πορφύρεον
261 3111 344 3192 μέγα
361 3115 427 3177 θῦε
444 3119 706 3200 πολυφλοίσβοιο
722 3113 904 3202 θαλάσσης.
971 3130 1007 3186 85

52 3219 70 3278 η
61 3190 121 3266 δέ
138 3199 212 3285 μάλ’
230 3199 406 3288 ἀσφαλέως
422 3211 504 3276 θέεν
522 3215 679 3295 ἔμπεδον·
700 3209 781 3281 οὐδέ
795 3240 856 3281 κεν
872 3221 945 3300 ίρηξ

52 3298 160 3378 κίρκος
176 3296 413 3394 ὁμαρτήσειεν,
432 3305 656 3394 ἐλαφρότατος
672 3319 850 3398 πετεηνῶν

52 3384 92 3468 ὃς
107 3390 129 3482 ἡ
147 3397 254 3484 ῥίμφα
271 3405 401 3471 θεουσα
417 3406 591 3494 θαλάσσης
608 3407 725 3495 κύματ’
744 3416 894 3494 ἔταμνεν,

51 3483 153 3574 ἇνῦθᾱ
170 3500 323 3582 φέρουσα
346 3511 441 3581 θεοῖς
457 3507 552 3573 ἐναλί
537 3511 626 3590 ίγκια
644 3503 733 3592 μήδε’
753 3508 883 3588 ἔχοντα·
970 3522 1005 3575 09
