2452 3910
378 237 667 300 οκνεεεικε
689 245 723 302 x
964 241 1025 309 15⁵

79 347 180 482 γάρος
199 394 373 482 νιψάμενοι
390 395 532 481 τεύχοντ’
550 401 700 484 ἐρικυδέα
718 406 821 470 δαῖτα.

80 490 118 572 α”ς
134 493 208 562 τότε
225 497 287 582 μὲν
304 494 439 583 πρόπαν
455 488 544 583 ήμαρ
562 501 594 576 ές
610 496 722 584 ήέλιον
740 500 929 572 καταδύντα

80 591 182 677 ήμεθα
199 593 393 680 δαινύμενοι
409 603 490 679 κρέα
506 591 530 662 έ
551 593 677 664 ἄσπετα
694 601 748 666 καὶ
765 604 855 684 μέθυ
872 596 952 685 ήδά·

80 684 154 776 ήμος
168 691 204 760 δ’
220 692 329 780 ήέλιος
345 695 466 761 κατέδυ
482 694 537 761 καὶ
554 695 607 762 ἐπὶ
624 698 749 780 κνέφας
767 690 883 783 ἦλθεν,
973 714 1022 768 185

78 787 112 876 δή
128 789 204 858 τότε
220 792 430 878 κοιμήθημεν
450 794 503 860 έπλ
519 793 653 878 ῥηγμῖνι
669 793 850 880 θαλάσσης.

78 881 151 974 ήμος
168 887 202 958 δ’
220 888 386 978 ἠριγένεια
403 891 494 977 φάνη
510 887 755 977 ’ῥοδοδάκτυλος
770 891 862 974 Ἠώς,

76 989 123 1056 καὶ
139 986 208 1056 τότ’
224 987 312 1074 έγάν
328 987 455 1076 ἀγορήν
472 993 615 1077 θέμενος
630 990 711 1078 μετὰ
729 999 830 1061 πᾶσιν
848 1000 958 1064 ἔειπον

112 1091 296 1173 ,,[Κέκλντέ
304 1089 508 1174 μευμάθοιν,
516 1088 602 1158 κακά
612 1113 675 1176 περ
686 1091 865 1176 πάσχοντες
876 1095 1020 1182 ἑταῖρον]

76 1177 97 1252 ό
113 1192 215 1273 φίλοι,
234 1183 277 1275 οὐ
287 1187 352 1272 γάρ
369 1183 395 1254 τ’
406 1191 501 1273 λδμεν
518 1185 584 1272 ὅπη
604 1185 703 1273 ζόφος
717 1185 792 1256 οὐδ’
804 1187 869 1276 ὅπη
881 1187 956 1278 η’ὠς,
973 1207 1020 1263 190

75 1283 140 1353 οὐδ’
160 1283 229 1372 ὅπη
248 1282 355 1372 ήέλιος
372 1291 613 1373 φαεσίμβροτος
629 1285 687 1355 εἶδ’
706 1284 771 1354 ὑπὸ
790 1301 889 1373 γαῖαν

73 1381 140 1452 οὐδ’
159 1383 230 1470 ὅπη
247 1381 406 1454 ἀννεῖται·
429 1381 512 1452 ἀλλά
529 1384 731 1470 φραζοίμεθα
748 1392 881 1455 θᾶσσον

74 1492 101 1550 ελ
113 1510 160 1563 τις
180 1483 222 1552 ἔτ’
241 1489 335 1552 ἔσται’
345 1491 447 1570 μήτις.
475 1481 538 1570 ε’γά
557 1481 589 1550 δ’
607 1481 670 1552 οὐκ
686 1494 797 1571 ολομαι
814 1485 907 1554 εἶναι.

73 1580 155 1651 εἶδον
173 1579 240 1668 γάρ
258 1579 399 1668 σκοπιήν
415 1585 448 1661 ές
464 1581 713 1650 παιπαλόεσσαν
730 1580 885 1651 άνελθολν

73 1688 182 1766 νῆσον,
200 1677 262 1766 τήν
278 1683 353 1764 πέρι
369 1679 489 1760 πόντος
506 1677 672 1765 ἀπείριτος
688 1681 926 1767 ἐστεφάνωται·
968 1699 1016 1754 195

72 1773 147 1862 αὐτή
168 1779 205 1844 δὲ
221 1775 375 1864 χθαμαλή
393 1791 511 1846 κεῖται·
534 1777 666 1847 καπνόν
682 1777 713 1847 δ’
733 1781 782 1848 ένλ
798 1783 902 1868 μέσση

72 1879 210 1962 ἔδρακον
226 1873 432 1962 ὀφθαλμοῖσι
448 1875 501 1946 διὰ
520 1875 629 1963 δρυμά
646 1875 758 1946 πυκνά
775 1880 830 1946 καὶ
847 1877 966 1965 άλην.“

108 1967 169 2055 Ὦς
186 1972 327 2062 ἐφάμην,
345 1989 451 2044 τοῖσιν
467 1980 502 2044 δὲ
518 1976 726 2061 κατεκλάσθη
744 1980 845 2060 φίλον
861 1969 942 2062 ήτορ

71 2076 288 2162 μνησαμένοις
303 2080 412 2160 ἔργον
427 2076 676 2162 Λαιστρυγόνος
688 2073 882 2160 Ἀντιφάταο

70 2172 252 2252 Κύκλωπός
268 2181 304 2241 τε
318 2180 392 2264 δίης
407 2174 639 2261 μεγαλήτορος,
657 2172 894 2262 ἀνδροφάγοιο.
963 2194 1015 2248 200

70 2281 183 2342 κλαῖον
198 2274 235 2340 δὲ
248 2273 374 2359 λιγέως,
392 2271 541 2358 θαλερόν
557 2271 640 2341 κατά
657 2272 764 2360 δάκρν
779 2279 922 2360 χέοντες·

70 2367 130 2439 ἀλλ
151 2367 194 2438 οὐ
209 2369 273 2458 γάρ
291 2396 339 2450 τις
356 2378 471 2457 πρῆξις
488 2373 633 2456 ἐγίγνετο
647 2377 892 2459 μυρομένοισιν.

107 2467 224 2556 Αάτάρ
240 2469 305 2556 έγά
324 2475 396 2556 δίχα
413 2469 540 2551 πάντας
555 2470 754 2558 έϋκνήμιδας
770 2471 919 2555 ἑταίρους

71 2565 239 2656 η’ρίθμεον,
257 2565 361 2654 ἀρχόν
378 2569 414 2638 δὲ
430 2565 496 2656 μετ’
515 2567 752 2658 ἀμφοτέροισιν
768 2566 913 2637 ὄπασσα·

70 2672 131 2732 τῶν
147 2662 210 2752 μὲν
226 2661 314 2749 έγολν
327 2657 442 2752 ἦρχον,
460 2672 528 2734 τῶν
544 2664 576 2733 δ’
587 2663 779 2753 Εὐρύλοχος
789 2667 948 2753 θεοειδής.
962 2683 1011 2738 205

69 2764 208 2850 κλήρους
226 2760 256 2830 δ’
273 2766 312 2832 έν
328 2766 430 2852 κυνέη
442 2766 603 2852 χαλκήρειΙ
619 2765 788 2851 πάλλομεν
805 2757 889 2834 άκα·
995 2837 998 2844 Δ

70 2865 101 2930 έκ
116 2860 145 2930 δ’
166 2869 268 2947 ἔθορε
285 2869 406 2950 κλῆρος
422 2864 644 2950 μεγαλήτορος
659 2862 874 2949 Εὐρυλόχοιο.

69 2965 108 3046 δή
122 2959 155 3028 δ’
172 2965 269 3048 δέναι,
288 2959 357 3047 ἅμα
374 2969 457 3050 τῷγε
475 2961 546 3030 δάω
564 2965 620 3031 καλ
636 2959 735 3031 ελκοά
755 2963 876 3047 ἑταῖροι

69 3064 245 3137 κλαίοντες·
268 3054 352 3126 κατὰ
369 3055 403 3126 δ’
420 3055 507 3146 άμμε
522 3065 622 3129 λίπον
639 3059 808 3146 γοόωντας
823 3059 974 3131 ὄπισθεν.

70 3146 164 3242 εὖρον
181 3155 217 3224 δ’
233 3159 273 3224 έν
288 3157 432 3244 βήσσῃσι
449 3162 629 3244 τετυγμένα
649 3159 784 3244 διόματα
800 3165 925 3247 Κίρκης
959 3178 1014 3230 21⁰
1064 3189 1070 3196 ‘

68 3260 222 3333 ξεστοῖσιν
240 3256 365 3342 λάεσσι,
384 3260 589 3346 περισκέπτῳ
606 3259 653 3325 ε’νλ
672 3258 778 3346 χάρφ.
941 3276 946 3285 “

67 3348 145 3440 ἀμφὶ
161 3357 200 3424 δέ
214 3381 272 3440 μιν
288 3353 387 3422 λύκοι
405 3349 489 3442 ἦσαν
506 3353 674 3439 ὀρέστεροι
691 3354 749 3442 ήδέ
765 3359 905 3441 λέοντες,

66 3449 139 3532 τοδς
154 3450 238 3538 αὐτή
255 3455 463 3537 κατέθελξεν,
481 3455 552 3522 έπελ
568 3453 652 3520 κακά
670 3449 814 3540 φάρμακ’
833 3457 966 3520 ἔδωκεν.
