2492 3922
393 234 687 300 οννεειιιλε
713 239 755 296 ιο.
1012 239 1054 302 ςς

105 398 200 474 η’λδτο
218 392 279 470 ξδυ
297 391 396 476 νηυσί
416 388 481 461 κατ’
500 385 710 474 ἀλλοθρόους
726 391 947 480 ἀνθρώπους·

104 487 207 572 τόφρα
224 489 259 556 δὲ
274 482 362 555 ταῦτ’
384 497 551 572 Αἰγισθος
567 489 710 574 ἐμήσατο
728 500 840 560 οἴκοθι
857 492 973 580 λυγρά,

102 594 225 666 κτείνας
239 586 421 671 Ἀτρείδην,
444 589 583 674 δέδμητο
601 590 637 654 δὲ
653 585 731 665 λαός
748 586 801 656 ὑπ’
820 588 919 678 αὐτῷ.

101 685 246 764 επτάετες
266 683 298 752 δ’
318 685 448 770 ἤνασσε
465 683 686 770 πολυχρύσοιο
704 686 883 772 Μυκήνης·
1001 706 1053 760 αοε

100 789 143 870 τῷ
160 785 198 848 δέ
212 789 245 852 οἰ
262 783 412 870 ὀγδοάτῳ
435 781 540 852 κακόν
555 781 663 867 ἤλυθε
682 788 750 861 δῖος
763 781 914 872 Ὀρέστης

101 874 144 959 ἀφ
160 877 212 946 ἀπ’
229 879 419 966 Ἀθηνάων,
442 878 524 948 κατά
543 878 575 946 δ’
593 884 708 948 ἔκτανε
725 891 953 971 πατροφονῆα,

100 987 264 1060 Αἰγισθον
280 976 474 1064 δολόμητιν,
492 977 512 1044 ὅ
530 983 564 1045 οἰ
578 981 701 1061 πατέρα
719 977 844 1048 κλυτόν
860 983 946 1048 ἔκτα.

99 1075 166 1160 ῆτοι
182 1072 200 1142 ὁ
217 1073 280 1142 τόν
297 1081 433 1156 κτείνας
452 1081 549 1142 δαίνυ
565 1075 676 1160 τάφον
691 1071 884 1162 Ἀργείοισιν

99 1175 217 1261 μητρός
232 1200 270 1240 τε
286 1180 453 1270 στυγερῆς
467 1176 522 1244 καί
540 1171 719 1252 ἀνάλκιδος
736 1179 927 1258 Αἰγίσθοιο·
1001 1194 1052 1247 31⁰

97 1271 247 1358 αὐτῆμαρ
265 1275 303 1337 δέ
318 1275 354 1337 οἰ
371 1279 457 1356 ηλθε
472 1268 557 1356 βοήν
574 1267 702 1354 ἀγαθός
718 1273 900 1360 Μενέλαος,

98 1369 200 1438 πολλὰ
219 1364 353 1454 κτήματ’
377 1367 480 1453 ἀγαν,
499 1367 568 1435 ὅσα·
580 1371 614 1434 οἰ
628 1367 701 1448 νέες
716 1366 821 1453 ἄχθος
838 1368 962 1454 ἀειραν.

97 1471 148 1534 καί
164 1465 219 1553 σύ,
238 1465 346 1551 φίλος,
369 1464 413 1550 μή
433 1464 521 1550 δηθὰ
540 1465 654 1550 δόμων
671 1463 735 1533 ἀπο
751 1465 819 1550 τῆλ’
838 1463 994 1551 ἀλάλησο,

96 1562 243 1652 κτήματά
260 1589 296 1630 τε
314 1563 492 1645 προλιπών
507 1561 631 1645 ἀνδρας
647 1560 673 1628 τ’
691 1565 729 1630 έν
746 1574 832 1628 σοῖσι
848 1561 1000 1646 δόμοισιν

96 1663 181 1730 οὕτω
199 1659 445 1748 ὑπερφιάλους,
464 1660 576 1746 μήτοι
595 1657 678 1726 κατά
694 1657 803 1724 πάντα
820 1657 973 1741 φάγωσιν
1002 1672 1052 1726 ³15

97 1761 244 1848 κτήματα
262 1759 481 1844 δασσάμενοι,
500 1756 543 1825 σύ
561 1757 596 1825 δὲ
613 1760 753 1842 τηϋσίην
769 1751 850 1822 ὁδόν
866 1758 975 1840 έλθης.

98 1857 162 1926 ἀλλ’
181 1862 215 1938 ές
232 1858 295 1944 μὲν
314 1857 494 1923 Μενέλαον
510 1853 574 1938 έγοδ
591 1855 727 1938 κέλομαι
744 1853 799 1919 καὶ
816 1849 930 1935 άνωγα
1025 1901 1030 1918 ,

96 1960 221 2022 ἐλθεῖν·
244 1965 356 2030 κείνυς
371 1950 441 2036 γὰρ
457 1955 536 2019 νέον
554 1949 701 2017 ἄλλοθεν
718 1949 926 2035 εἰλήλουθεν,

96 2059 130 2121 ἐκ
147 2061 217 2120 τοῖν
233 2049 434 2136 ἀνθρώπων
451 2047 537 2116 ὅθεν
553 2047 615 2114 οὐκ
632 2046 764 2114 ἔλποιτό
781 2072 818 2130 γε
836 2051 936 2134 θυμῷ

96 2152 246 2236 ἐλθέμεν,
264 2145 382 2216 ὅντινα
399 2153 533 2232 πρῶτον
550 2143 790 2232 ἀποσφήλωσιν
808 2143 922 2210 ἄελλαι
978 2148 982 2156 ’
1002 2157 1051 2210 32⁰

96 2257 128 2330 ές
143 2255 287 2335 πέλαγος
304 2247 388 2332 μέγα
408 2259 511 2330 τοῖον,
530 2241 616 2310 ὅθεν
632 2246 669 2310 τέ
685 2266 746 2324 περ
764 2237 838 2307 οὐδ’
859 2239 970 2305 οἰωνοὶ

96 2348 248 2426 αὐτόετες
265 2351 447 2432 οἰχνεῦσιν,
466 2345 536 2411 ἐπεὶ
552 2341 635 2426 μέγα
651 2365 687 2406 τε
703 2337 816 2405 δεινόν
832 2359 877 2401 τε.

99 2445 163 2513 ἀλλ’
181 2455 234 2513 ἰθι
251 2451 319 2512 νῦν
336 2439 406 2512 σὺν
423 2447 485 2526 νηΐ
495 2465 531 2506 τε
548 2445 590 2525 σῆ
608 2437 663 2504 καί
680 2449 749 2513 σοῖς
765 2433 948 2515 ἑτάροισιν·

100 2549 126 2610 εἰ
141 2542 174 2609 δ’
191 2542 320 2618 ἐθέλεις
336 2535 445 2623 πεζός,
465 2535 555 2619 πάρα
571 2560 622 2602 τοι
640 2538 756 2617 δίφρος
771 2555 807 2596 τε
826 2529 882 2594 καί
898 2529 1001 2608 ἵπποι,

99 2639 162 2725 πάρ
180 2641 219 2706 δέ
234 2663 286 2705 τοι
302 2630 373 2714 υἰες
390 2638 472 2721 ἐμοὶ,
492 2637 526 2700 οἰ
540 2657 591 2698 τοι
606 2633 755 2716 πομπῆες
772 2632 903 2694 ἔσονται
1002 2635 1053 2688 325

98 2741 128 2816 ές
144 2739 382 2820 Λακεδαίμονα
402 2737 491 2818 δῖαν,
506 2729 565 2797 ὅθι
583 2724 706 2806 ξανθὸς
723 2725 905 2799 Μενέλαος.

97 2841 270 2902 λίσσεσθαι
291 2833 329 2898 δέ
344 2854 405 2915 μιν
422 2825 537 2910 αάτδς,
555 2830 611 2892 ἵνα
628 2820 785 2920 νημερτὲς
802 2823 929 2903 ένίσπη.
1008 2837 1015 2850 ·

96 2937 221 3010 ψεῦδος
236 2927 269 2997 δ’
288 2925 352 2995 οὐκ
370 2929 469 3012 έρέει·
492 2923 581 3010 μάλα
597 2919 660 3006 γάρ
677 2921 886 3000 πεπνυμένος
900 2915 1022 2979 έστίν.“

135 3027 199 3109 Ὣς
216 3023 321 3112 ἔφατ’,
335 3023 448 3111 ήίλιος
465 3020 495 3088 δ’
510 3018 558 3106 ἀρ’
578 3023 638 3086 ἔδυ
654 3020 709 3084 καί
726 3015 778 3082 ἐπὶ
796 3014 921 3095 κνέφας
937 3001 1050 3096 ἦλθεν,

95 3143 178 3209 τοῖσι
195 3127 234 3195 δέ
249 3126 306 3194 καί
324 3125 473 3210 μετέειπε
489 3116 555 3186 θεά
570 3121 760 3202 γλαυκῶπις
773 3107 898 3193 Ἀθήνη
999 3115 1049 3173 33⁰

134 3219 200 3312 „³ss
216 3227 330 3312 γέρον,
348 3221 424 3308 ἤτοι
440 3224 545 3285 ταῦτα
561 3213 644 3281 κατά
654 3223 781 3296 μοῖραν
797 3205 981 3278 κατέλεξας·

94 3321 162 3390 ἀλλ’
182 3321 244 3407 ἀγε
261 3319 404 3406 τάμνετε
421 3317 485 3402 μὲν
499 3310 662 3398 γλώσσας,
680 3304 847 3389 κεράασθε
864 3299 899 3364 δέ
916 3293 1017 3379 οἰνον,

65 3504 73 3512 .
95 3419 184 3506 όφρα
200 3415 415 3486 Ποσειδάωνι
432 3415 488 3479 καὶ
504 3409 616 3484 ἀλλοις
632 3400 850 3472 ἀθανάτοισιν
