2396 3914
319 273 614 331 ΟΔΥΣΣΕΙΑΣ
638 275 708 332 xm.
928 269 990 335 20¹!

45 432 144 517 δήμου
163 430 322 517 Φαιήκων
339 426 500 516 ἡγήτορες
517 429 574 517 ήδὲ
592 435 756 517 μέδοντες,

43 529 188 610 ἑσταότες
206 532 278 615 περὶ
295 527 420 617 βωμόν.
440 529 458 600 ὁ
478 532 507 600 δ’
525 539 639 619 ἔγρετο
654 541 724 614 δῖος
736 535 913 613 Ὀδοσσεος

44 627 145 696 εὕδων
163 631 204 697 έν
220 635 298 715 γαίη
314 633 479 716 πατρωίη,
498 626 577 697 οὐδέ
593 657 651 714 μιν
667 635 763 716 ἔγνω,

43 725 96 812 ήδη
113 724 179 812 δήν
199 725 327 793 ἄπεοίν·
346 729 420 811 περὶ
436 724 501 812 γὰρ
517 725 598 806 θεός
613 726 694 814 ήέρα
710 737 808 815 χεῦεν

42 822 170 904 Πολλὰς
186 824 363 912 Ἀθηναίη,
382 825 487 911 κοόρη
503 823 603 912 Διός,
623 825 713 913 ὄφρα
731 854 789 913 μιν
806 823 911 894 αότόυ
943 842 991 896 190

41 922 209 1006 ἄγνωστον
225 922 372 1002 τεύξειεν
389 923 511 991 ἕκαστοί
525 949 560 991 τε
576 915 775 1013 μυθήσαιτο,

41 1022 79 1107 μή
93 1049 152 1107 μιν
170 1026 255 1107 πρὶν
272 1020 391 1106 ἄλοχος
407 1030 502 1109 γνοίη
521 1021 617 1090 ἄστοί
630 1050 666 1091 τε
685 1032 776 1109 φίλοι
792 1050 837 1110 τε,

41 1123 110 1204 πρὶν
126 1127 246 1188 πᾶσαν
262 1127 452 1207 μνηστῆρας
468 1118 675 1210 ὑπερβασίην
691 1122 852 1191 ἄποτῖσαι.

41 1217 158 1286 τοῦνεκ’
178 1215 230 1302 ἄρ’
251 1217 403 1292 ἄλλειδέα
440 1223 636 1306 φαινέσκετο
654 1224 762 1292 πᾶντα
779 1224 906 1311 ἄνακτι,

41 1314 209 1400 ἀτραπιτοί
221 1343 258 1384 τε
275 1321 439 1403 διηνεκέες
456 1324 583 1404 λιμένες
599 1347 634 1388 τε
651 1323 816 1408 πάνορμοι
940 1339 988 1392 195

40 1417 145 1506 πέτραι
165 1413 190 1483 τ’
210 1413 363 1502 ἠλίβατοι
378 1421 434 1484 καὶ
451 1421 589 1502 δένδρεα
603 1420 825 1506 τηλεθόωντα.

40 1521 90 1599 στή
106 1513 138 1582 δ’
156 1513 210 1600 ἄρ’
231 1512 368 1595 ἄυαίξας
386 1522 444 1583 καί
458 1514 490 1602 β’
511 1522 611 1584 εἴσιδε
629 1523 770 1604 πατρίδα
786 1533 900 1604 γαῖαν·

31 1611 168 1699 -βμωξέν
185 1613 211 1687 τ’
233 1613 285 1702 ἄρ’
301 1621 411 1682 ἔπειτα
428 1617 484 1682 καὶ
502 1611 528 1682 οἳ
545 1617 728 1701 πεπλήγετο
745 1615 839 1701 μηρόν

40 1717 119 1798 χερσὶ
135 1711 400 1800 καταπρηνέσσ’,
418 1713 668 1798 ὀλοφυρόμενος
684 1712 717 1780 δ’
735 1718 812 1791 ἔπος
829 1712 930 1799 ηὔδα·
958 1735 963 1744 ·

73 1810 128 1897 ,Ὦ
146 1839 207 1898 μοι
226 1811 309 1898 έγέι,
324 1815 409 1879 τέων
424 1805 504 1878 αὖτε
520 1819 652 1899 βροτῶν
668 1816 701 1890 ές
717 1826 816 1896 γαῖαυ
833 1811 954 1891 ίκείνως

42 1904 100 1997 ἦρ’
118 1911 181 1998 οἵγ’
200 1909 361 1998 ὑβρισταί
375 1937 410 1978 τε
433 1913 489 1978 καῖ
506 1909 616 1998 ἄγριοι
633 1910 710 1978 οὐδὲ
729 1915 860 1994 δίκαιοι,
935 1928 981 1979 λοι

41 2005 69 2094 ήέ
84 2010 287 2095 φιλόξεινοι,
307 2015 367 2076 καί
381 2029 463 2095 σφιν
480 2009 558 2088 νόος
574 2011 642 2078 ἐστὶ
658 2009 819 2096 θεουδήςς

40 2118 75 2192 πή
92 2107 132 2196 δή
151 2109 307 2195 χρήματα
324 2106 430 2176 πολλοὶ
450 2111 542 2193 φέρω
559 2107 653 2187 τάδες
672 2115 717 2191 κῆ
727 2133 763 2174 τε
773 2111 828 2176 καὶ
845 2104 943 2187 αὐτὸς

39 2207 210 2295 πλᾶζομαις
231 2205 449 2291 αἴθ’όφελον
464 2222 573 2293 μεῖναι
596 2205 684 2291 παρὰ
703 2209 905 2296 Φαιήκεσσιν

40 2305 150 2374 αὐτοῦ·
171 2305 238 2394 ἐγώ
256 2310 295 2373 δέ
310 2332 370 2374 κεν
387 2306 491 2374 ἄλλον
507 2303 720 2392 ὑπερμενέων
736 2308 906 2394 βασιλήων
936 2325 986 2374 205

39 2408 201 2495 έξικόμην,
215 2407 253 2486 ὅς
271 2412 330 2474 κέν
347 2403 376 2492 μ’
396 2408 502 2491 ἐφίλει
519 2407 574 2477 καὶ
591 2411 713 2490 ἔπεμπε
731 2410 888 2498 νέεσθαι.Ι

41 2513 92 2573 νῦν
110 2505 146 2574 δ’
165 2504 236 2575 οὔτ’
249 2505 293 2592 ἄρ
312 2501 357 2589 πη
373 2506 499 2572 θέσθαι
514 2507 697 2589 ἐπίσταμαι,
713 2501 792 2570 οὐδὲ
804 2504 865 2588 μὲν
882 2501 985 2568 αὐτοῦ

39 2612 216 2692 καλλείψω,
234 2605 281 2692 μή
298 2605 368 2683 πως
388 2631 445 2690 μοι
460 2606 545 2687 ἕλωρ
563 2603 692 2670 ἄλλοισι
709 2604 852 2686 γένηται.

40 2699 195 2792 ἄπόποτ,
215 2703 279 2773 οὐκ
297 2703 363 2791 ἄρα
380 2703 488 2770 πάντα
506 2702 669 2787 νοήμονες
685 2697 764 2767 οὐδὲ
781 2703 901 2766 δίκαιοι

40 2795 114 2886 ήσαυ
132 2804 297 2892 Φαιήκων
312 2801 471 2890 ἡγήτορες
487 2800 545 2888 ήδέ
562 2803 727 2887 μέδοντες,
934 2818 986 2868 λιο

40 2906 66 2967 οἵ
77 2903 106 2988 μ’
127 2911 175 2983 εἴς
195 2903 303 2989 ἄλλην
318 2916 418 2987 γαῖαυ
435 2898 625 2986 ἄπήγαγον,
643 2891 664 2983 ή
682 2899 719 2963 τέ
731 2893 762 2981 μ’
780 2901 902 2982 ἔφαντο

39 2999 120 3078 ἄξειν
138 3008 186 3082 εἴς
202 3001 339 3086 Ἰθᾶκην
356 2998 540 3082 εὐδείελον,
558 2994 633 3065 οὐδ’
653 2997 835 3064 ἐτέλεσσαν.

40 3099 114 3180 Ζεύς
132 3101 238 3186 σφέας
268 3105 393 3169 τίσαιτο
413 3097 591 3185 ίκετήσιος,
610 3094 686 3162 ὅστε
703 3097 758 3162 καὶ
776 3094 897 3174 ἄλλους

39 3194 237 3278 ἀνθρώπους
254 3203 361 3287 ἐφορᾷ
378 3199 433 3266 καὶ
451 3206 579 3264 τίνυται
596 3193 687 3274 ὅστις
703 3191 842 3282 ἁμᾶρτη.

40 3291 99 3363 ἄλλ’
119 3296 181 3384 ἄγε
200 3295 241 3383 δή
260 3293 301 3363 τὰ
317 3291 452 3382 χρήματ’
471 3294 648 3381 ἄριθμήσω
669 3296 724 3361 καί
742 3299 872 3378 ἴδωμαι,
936 3310 985 3361 215

40 3391 77 3477 μή
93 3400 126 3461 τί
142 3421 200 3480 μοι
217 3404 374 3479 οἴχωνται
391 3399 504 3478 κοίλης
520 3395 572 3460 ἐπὶ
589 3389 670 3476 νηός
687 3390 857 3475 ἄγοντες.“

67 3489 125 3571 Ὣς
144 3492 248 3560 εἴπών
266 3497 426 3576 τρίποδας
444 3494 658 3574 περικαλλέας
674 3487 732 3573 ήδὲ
749 3489 885 3571 λέβητας
