2460 3920
366 139 386 190 1

194 285 256 348 888
494 274 790 338 namma
814 271 856 330 Ω.

194 474 214 535 η
200 445 291 514 ἰκαὶ
309 447 343 524 ές
351 443 472 512 Ἤλιδα
492 443 577 523 δῖαν,
597 433 656 503 ὅθι
675 434 873 519 κρατέουσιν
887 427 1020 512 ’,Επειοδ

196 555 345 668 ἴομενη
332 538 421 610 ἰκοιι
410 543 549 608 ἔπειτα
567 533 729 620 κατηφέες
747 527 901 618 ἐσσόμεθ’
922 533 1001 598 αίεί·

623 635 679 701 καὶ
698 631 906 716 ἐσσομένοισι
924 629 1109 713 πυθέσθαι,

197 773 226 815 ει
220 744 285 832 ’δή
304 772 348 867 μη
336 743 499 811 παίδων
517 763 553 806 τε
571 732 782 819 κασνγνήτων
800 757 836 798 τε
855 735 986 817 φονῆας

196 840 356 931 τισόμεθ’.
376 839 439 909 οὐκ
458 835 503 906 ἀν
521 841 631 924 ἔμοιγε
650 858 731 918 μετα
719 828 871 916 φρεσὶν
883 827 949 916 ῆδύ
966 830 1096 916 γένοιτο
1108 838 1154 894 435

132 1013 143 1026 ,
198 949 331 1030 ζωέμεν,
352 938 434 1010 ἀλλά
454 939 589 1023 τάχιστα
607 929 728 1002 θανων
747 933 945 1018 φθιμένοισι
963 953 1040 1016 μετε
1042 935 1106 1014 ί.ην

198 1042 265 1112 ἀλλ’
287 1053 392 1129 ίομεν,
412 1037 456 1127 μή
477 1040 608 1124 φθέωσι
626 1033 871 1120 περαιωθέντες
889 1032 1020 1096 ἐκεῖνοι.
1024 1034 1046 1070 “

242 1139 362 1222 ι’Ὡς
314 1167 400 1228 φατο
413 1141 616 1225 δακρυχέων,
637 1127 787 1210 οίκτοςδ
802 1131 856 1197 ἕλε
866 1128 995 1206 πάντας
1002 1123 1158 1212 Ἀχαιοάς

199 1240 380 1328 ἀγχίμολον
399 1242 438 1308 δέ
454 1235 509 1323 σφ’
529 1227 614 1322 ήλθε
637 1235 761 1300 Μέδων
779 1229 834 1297 καὶ
852 1237 947 1305 θεῖος
966 1223 1081 1302 ἀοιδδς

200 1344 236 1409 ἐκ
256 1340 412 1425 μεγάρων
429 1334 599 1422 Ὀδυσῆος,
620 1335 695 1400 έπεί
710 1352 814 1416 σφεας
833 1349 940 1404 υπνος
959 1321 1161 1447 ἀνῆκεν,440

200 1435 347 1506 έστανδ’
369 1439 408 1504 έν
426 1439 590 1522 μέσσοισι·
610 1427 767 1517 τάφοςδ’
788 1429 863 1494 έλεν
883 1423 1026 1510 ἀνδρα’
1012 1423 1159 1490 ἕκαστον.

201 1552 284 1606 τοῖσι
305 1540 339 1604 δὲ
358 1535 414 1604 καὶ
432 1537 579 1620 μετέειπε
598 1534 725 1599 Μέδων
743 1529 940 1613 πεπνυμένα
960 1519 1056 1601 είδάς

243 1640 419 1723 ,Κέκλντε
440 1635 479 1720 δή
499 1641 566 1702 νῦν
584 1657 663 1719 μεν,
685 1626 881 1714 Ἰθακήσιοι·
903 1622 945 1692 οὐ
964 1621 1030 1709 γάρ
1048 1619 1159 1688 ’-οδνσ

682 1725 761 1808 σεδς
886 1765 890 1771 -

204 1835 386 1904 ἀθανατων
405 1833 517 1921 ἀέκητι
536 1841 629 1900 θεων
644 1826 719 1898 τάδ’
740 1827 883 1914 ἐμήσατο
903 1829 999 1912 ἔργα·

204 1932 304 2014 αὐτὸς
323 1932 411 2022 ε’γων
429 1933 520 2002 είδον
538 1927 624 2000 θεὸν
642 1928 822 2016 ἄμβροτον,
843 1923 882 2005 ὅς
900 1921 934 2009 δ’
951 1921 1093 2008 Ὀδυσῆϊ
1117 1933 1164 1987 445

203 2034 348 2119 ἐγγύθεν
367 2032 496 2119 ἑστήκει
512 2033 568 2099 καὶ
586 2033 737 2114 Μέντορι
756 2027 865 2094 πάντα
885 2024 991 2116 ἐφ’κει.

204 2130 372 2210 ἀθάνατος
392 2133 428 2199 δὲ
445 2129 526 2209 θεὸς
544 2134 616 2198 τοτὲ
635 2129 696 2214 μέν
715 2121 916 2212 προπάροιθ’
934 2121 1100 2208 Ὀδυσῆος

206 2236 341 2316 φαίνετο
361 2231 556 2314 θαρσύνων,
576 2229 650 2296 τοτὲ
670 2225 706 2294 δέ
724 2231 915 2311 μνηστῆρας
934 2219 1061 2306 ὀρίνων

205 2336 293 2396 θῦνε
312 2326 395 2395 κατδι
415 2332 577 2414 μέγαρον·
597 2327 649 2394 τοὶ
668 2323 700 2393 δ’
721 2322 903 2409 ἀγχιστῖνοι
923 2325 1100 2388 έπιπτον.“
1220 2339 1221 2408 γ

248 2423 310 2504 Ὦς
330 2424 432 2511 φάτο,
458 2421 538 2504 τοὺς
558 2421 589 2491 δ’
612 2423 678 2509 ἀρα
697 2423 824 2501 πάντας
843 2417 908 2488 ὑπὸ
937 2417 1073 2514 χλωρὸν
1100 2419 1166 2492 δέος

703 2519 788 2610 ᾔρει.
1119 2531 1165 2583 ιιι

206 2639 289 2693 τοῖσι
309 2625 345 2692 δὲ
364 2628 420 2693 καὶ
438 2627 585 2711 μετέειπε
603 2627 713 2708 γέρων
730 2619 822 2707 ήρως
834 2614 1033 2703 Ἀλιθέρσης

206 2727 435 2808 Μαστορίδης·
457 2721 474 2790 ὁ
494 2721 559 2808 γάρ
579 2720 650 2800 οἶος,
667 2719 730 2805 ὅρα
749 2717 886 2803 πρόσσω
906 2717 963 2784 καὶ
982 2711 1127 2782 ὀπίσσω·

207 2819 228 2888 δ’
247 2841 328 2905 σφιν
348 2824 541 2907 ἐϋφρονέων
560 2820 747 2908 ἀγορήσατο
767 2819 823 2886 καὶ
842 2805 1013 2904 μετέειπεν

248 2921 419 3004 ,,Κέκλντε
438 2917 478 3007 δῆ
499 2929 565 2989 νῦν
584 2946 657 3008 μευ,
675 2917 867 3004 Ἰθακήσιοι,
888 2913 959 2984 ὅττι
978 2939 1039 2980 κεν
1055 2921 1151 2980 είπω·

208 3011 350 3104 ὑμετέρῃ
369 3018 535 3106 κακότητι,
557 3025 659 3106 φίλοι,
679 3015 757 3085 τάδε
777 3023 858 3102 έργα
877 3015 1034 3100 γένοντο·
1122 3024 1166 3076 455

209 3111 255 3178 οὐἸ
269 3110 334 3200 γάρ
356 3117 427 3200 έμοὶ
446 3116 610 3204 πείθεσθ’,
631 3118 672 3184 οὐ
692 3117 844 3200 Μέντορι
864 3113 999 3197 ποιμένι
1018 3117 1121 3192 λαῶν,

209 3206 391 3300 ὑμετέρους
410 3223 528 3297 παῖδας
546 3217 780 3300 καταπαυέμεν
799 3207 1042 3299 ἀφροσυνάων,

211 3309 246 3374 οἳ
260 3315 343 3395 μέγα
362 3317 461 3398 ἔργον
479 3321 594 3402 ἔρεξαν
613 3314 835 3400 ἀτασθαλίῃσι
853 3315 1009 3398 κακῆσιν,

209 3407 357 3491 κτήματα
376 3420 542 3497 κείροντες
562 3442 615 3482 και
605 3410 892 3499 ἀτιμάζοντες”
869 3435 1000 3478 ακοιτιν

150 3609 153 3624 Ι
210 3497 374 3588 ἆνδθθς’
354 3519 521 3596 αριστῆος
543 3509 655 3579 τόνδ’
679 3511 792 3578 οὐκέτι
814 3511 923 3597 φάντο
944 3511 1094 3578 νέεσθαι.
1122 3520 1168 3574 ⁴60
