2396 3914
346 263 635 322 ΟΔῬΣΣΕΙΑΣ
658 263 692 319 Χ.
935 259 993 326 16⁸

55 424 146 508 αὐτὰρ
162 424 231 492 ἐπεὶ
250 429 375 490 κλαίων
390 447 423 488 τε
441 419 676 505 κυλινδόμενός
693 417 717 486 τ’
735 424 929 506 ἐκορέσθην,

56 526 96 592 καὶ
110 523 184 591 τότε
205 521 245 606 δή
262 547 319 606 μιν
334 525 468 588 ἔπεσσιν
484 516 699 605 ἀμειβόμενος
716 521 915 601 προσέειπον
942 535 993 586 5oe

89 614 148 705 ,Ὦ
164 627 284 705 Κίρκη,
300 625 348 697 τίς
364 617 428 704 γάρ
447 618 573 702 ταύτην
589 613 671 697 ὁδόν
687 615 919 702 ἡγεμονεύσεις

57 724 92 797 είς
101 719 207 797 Ἀιδος
222 715 254 784 θ’
271 716 366 784 οὔπω
383 743 431 794 τις
447 713 584 801 ἄφίκετο
601 719 659 801 νηίΙ
672 721 842 803 μελαίνη.“

92 813 148 895 Ὣς
165 815 309 902 ἐφάμην,
327 812 347 900 ἡ
363 813 395 882 θ’
413 810 514 881 αύτίιί
533 810 684 900 ἀμείβετο
701 817 754 882 δία
770 815 886 882 θεάων

56 917 222 1002 ,Διογενὲς
237 915 433 999 Λαερτιάδη,
450 908 651 998 πολυμήχαν’
665 910 835 1000 Ὀδυσσεῦ,

56 1013 119 1098 μήτι
133 1039 185 1100 τοι
201 1010 365 1098 ἡγεμόνος
379 1036 417 1096 γε
433 1007 525 1097 ποθή
543 1007 632 1095 παρά
649 1015 707 1096 νηίΙ
720 1012 883 1096 μελέσθω,
943 1027 993 1080 σου

57 1109 135 1178 ίσιόυ
151 1111 188 1180 δέ
204 1110 327 1198 στήσας
343 1107 407 1178 άυά
422 1107 456 1178 θ’
475 1113 560 1177 ίσιία
575 1107 679 1177 λευκά
694 1108 858 1189 πετάσσας

55 1202 159 1295 ήσθαι·
179 1207 243 1296 τήν
260 1212 299 1276 δέ
310 1212 351 1276 κέ
366 1233 417 1276 τοι
431 1205 529 1294 πνοιή
546 1211 672 1292 Βορέαο
691 1213 841 1298 φέρῃσιν.

56 1305 110 1374 ἀλλ’
127 1303 217 1374 ὁπότ’
236 1301 281 1373 άν
296 1308 336 1392 δή
352 1312 410 1393 νηί
424 1303 463 1398 δι’
479 1304 647 1374 Ὠκεανοῖο
665 1307 818 1395 περήσης,

56 1404 112 1473 ἕνθ’
128 1403 211 1491 άκτή
226 1429 261 1472 τε
278 1405 389 1490 λάχεια
404 1407 459 1472 καὶ
476 1406 577 1472 άλσεα
591 1411 847 1491 Περσεφονείης,
915 1457 923 1470 .

56 1509 168 1590 ιιακραί
180 1502 206 1570 τ’
224 1512 362 1587 αίγειροι
377 1505 431 1571 καὶ
448 1507 529 1570 ίτέαι
545 1499 773 1594 ὠλεσίκαρποι,
942 1523 994 1574 510

55 1611 108 1689 νῆα
124 1604 184 1690 μέν
200 1598 307 1669 αὐτοῦ
322 1607 436 1671 κέλσαι
451 1598 497 1669 έτί
513 1600 658 1691 Ὠκεανῷ
673 1607 851 1690 βαθνόίυη,

55 1699 142 1781 αὐτὸς
159 1699 189 1768 θ’
210 1707 257 1781 είς
269 1701 378 1770 Ἀίὸεω
395 1705 478 1770 ἰέναι
494 1701 599 1786 δόμον
616 1697 790 1784 εύριόευτα.

57 1807 130 1867 ἔνθα
145 1799 207 1885 μὲν
223 1805 270 1878 εἰς
281 1798 453 1885 Ἀχέροντα
467 1803 734 1886 Πυριφλεγέθων
749 1825 784 1868 τε
799 1803 933 1885 ῥέουσιν

57 1897 206 1978 Κόιντός
220 1896 265 1986 θ’,
282 1896 317 1977 ὃς
334 1899 373 1985 δή
390 1897 523 1988 Στυγός
539 1897 660 1977 ὕδατός
677 1903 766 1966 ἐστιν
785 1897 950 1988 άτορράξ,

56 2000 145 2084 πέτρη
161 2024 197 2066 τε
213 1998 342 2078 ξύνεσίς
356 2025 391 2066 τε
408 1999 477 2065 θύω
493 2006 651 2084 ποταμοῖν
667 1998 867 2080 ἐριδούπων·
941 2019 994 2071 515

55 2103 128 2165 ἔνθα
144 2096 175 2165 δ’
189 2095 306 2184 ἔπειθ’,
322 2097 420 2186 ήρως,
436 2100 613 2182 χριμφθεὶς
628 2101 736 2181 πέλας,
754 2095 798 2176 ὥς
809 2119 846 2165 σε
856 2099 992 2186 κελεύω,

55 2196 174 2280 βόθρου
191 2192 307 2278 ὀρύξαι
323 2193 406 2264 ὅσον
421 2223 456 2263 τε
473 2195 659 2281 πυγούσιον
674 2200 759 2264 ἔνθα
775 2200 829 2265 καί
846 2204 940 2284 ἔνθα,

55 2293 123 2379 ἀμφ’
139 2293 229 2384 αὐτῷ
247 2295 283 2363 δὲ
299 2295 381 2381 χοήυ
395 2304 526 2380 χεῖσθαι
542 2301 644 2362 πᾶσιν
658 2295 843 2380 νεκύεσσιν,

56 2401 159 2478 πρῶτα
173 2395 369 2483 μελικρήτῳ,
385 2398 554 2480 μετέπειτα
570 2393 605 2460 δέ
621 2389 695 2479 ήόέῑ
707 2403 799 2482 οίνφ,

55 2489 86 2584 τό
102 2497 210 2574 τρίτον
225 2485 302 2558 αὖθ’
315 2491 425 2560 ύιλατι·
446 2493 499 2560 ἐπὶ
516 2489 547 2559 θ’
564 2491 689 2577 άλφιτα
704 2493 806 2560 λευκά
822 2493 993 2562 παλύνειν.

56 2586 150 2656 πολλά
167 2587 204 2656 δὲ
221 2597 433 2673 γουνοῦσθαι
448 2590 579 2658 νεκύων
596 2588 744 2676 άμενηυά
759 2589 899 2677 κάρηνα,
942 2608 992 2662 521.

56 2686 156 2754 έλθάν
172 2692 218 2766 είς
230 2685 366 2774 Ἰθάκην
394 2702 528 2772 στεῖραν
542 2695 637 2774 βοῦν,
655 2686 725 2773 ἥτις
740 2684 867 2774 άρίστη,

58 2785 150 2864 ῥέξειν
165 2788 202 2852 έν
217 2786 389 2872 μεγάροισι
406 2789 518 2873 πυρήν
535 2785 562 2854 τ’
579 2789 783 2874 ἐμπλησέμεν
798 2791 941 2874 έσθλοῖυ,
951 2849 964 2872 ,

59 2889 197 2970 Τειρεσίη
212 2883 245 2948 θ’
262 2880 456 2952 άπάνευθεν
472 2885 525 2952 &cv
539 2886 729 2971 ἱερευσέμεν
744 2894 803 2975 οίφ

57 2979 238 3067 παμμέλαν’,
258 2980 295 3060 ὃς
310 2983 442 3069 μήλοισι
457 2987 654 3070 μεταπρέπει
671 2979 887 3068 ὑμετέροισιν.
942 2999 994 3054 5λὸ

57 3077 151 3162 αὐτάρ
168 3080 251 3166 έπήν
268 3079 381 3170 εὐχῇσι
397 3088 471 3170 λίσῃ
487 3081 590 3150 κλυτά
606 3087 707 3148 ἔθνεα
722 3091 861 3169 νεκρῶν,

57 3174 117 3242 ἐνθ’
135 3178 187 3245 όῑν
202 3177 339 3262 άρυειόν
355 3182 457 3264 ῥέζειν
471 3181 586 3267 θῆλύν
599 3205 635 3246 τε
650 3181 809 3266 μέλαιναν

57 3279 98 3350 είς
107 3273 238 3362 Ἐρεμος
254 3281 406 3364 στρέψας,
424 3277 523 3359 αὐτός
538 3277 569 3346 δ’
585 3276 753 3362 ἀπονόσφι
768 3284 952 3366 τραπέσθαι

57 3374 173 3454 ἰέμενος
188 3387 346 3460 ποταμοῖο
364 3375 491 3456 ῥοάων·
513 3383 597 3444 ένθα
614 3380 649 3444 δὲ
664 3380 780 3445 πολλαί

59 3473 146 3554 φυχαὶ
162 3471 352 3540 ἐλεύσονται
369 3474 501 3542 νεκύων
517 3471 806 3559 κατατεθνηώτων.
943 3492 996 3546 5.λο

743 3565 795 3619 ll*
