2460 3920
188 265 251 330 872
488 264 783 324 ΟΔΥΣΣΕΙΑΣ
816 263 854 320 Ψ.

188 441 307 496 πῖπτεν
322 428 374 494 ἐπὶ
390 424 587 511 βλεφάροισι
602 421 708 506 πάρος
723 425 897 502 καταλέξαι
911 419 1053 488 ἅπαντα.

234 527 375 610 ’Ἠρξατο
406 522 437 591 δ’
467 521 511 601 ὡς
536 529 670 606 πρῶτον
697 527 846 599 Κίκονας
871 517 1015 607 δάμασ’,
1044 518 1153 599 αύτάρ

686 625 795 688 ἔπειτα
1102 635 1155 688 310

190 718 265 810 ἦλθ’
282 728 316 803 ές
330 721 547 807 Λωτοφάγων
561 719 696 805 ἀνδρῶν
709 725 842 802 πίειραν
858 717 1027 804 ἄρουραν·

190 822 242 908 ήδ
259 821 321 890 ὅσα
335 822 485 898 Κύκλωψ
501 823 583 905 ἔρξε,
598 820 653 886 καί
670 815 714 897 ὑς
727 816 904 886 άπετίσατο
921 816 1046 903 ποινὴν

190 927 343 1008 ίφδίμων
358 921 495 1006 ἑτάρων,
514 916 573 998 οὓς
585 918 707 1004 ἤσθιεν
721 915 792 984 οὐδ’
806 920 969 1001 ἐλέαιρεν·

189 1019 245 1106 ἠδ’
264 1019 308 1099 ὥς
324 1027 451 1087 Αἴολον
465 1016 562 1104 ἵκεθ’,
580 1016 601 1085 ὅ
616 1045 674 1103 μιν
690 1018 856 1104 πρόφρων
870 1016 1034 1086 ὑπέδεκτο

190 1123 247 1188 καὶ
261 1116 369 1204 πέμπ’,
387 1115 468 1185 ούδέ
480 1143 532 1184 πω
549 1115 625 1184 αἶσα
642 1123 744 1203 φίλην
763 1119 796 1196 ές
810 1116 942 1202 πατρίδ’
956 1121 1092 1185 ἱκέσθαι
1103 1133 1156 1186 315

191 1219 267 1304 ἤην,
285 1215 368 1283 άλλά
384 1244 441 1301 μιν
457 1209 550 1294 αὖτις
564 1213 779 1300 ἀναρπάξασα
794 1217 925 1285 θύελλα

192 1318 318 1384 πόντον
333 1313 377 1383 ἐπ’
397 1314 574 1401 ίχδνόεντα
589 1318 692 1400 φέρεν
705 1316 833 1401 μεγάλα
847 1316 1067 1403 στενάχοντα·

194 1413 248 1502 ἠδ’
269 1413 312 1494 ὡς
329 1419 522 1501 Τηλέπυλον
536 1421 804 1501 Λαιστρυγονίην
820 1413 998 1502 ἀφίκανεν,

193 1520 229 1583 οἳ
239 1513 322 1601 νῆάς
335 1511 359 1580 τ’
377 1513 499 1582 ὄλεσαν
514 1515 570 1581 καὶ
584 1513 783 1601 ἐϋκνήμιδας
799 1515 950 1600 ἑταίρους

194 1613 346 1697 [πάνταςΙ
367 1609 545 1691 Ὀδυσσεύς
560 1611 592 1679 δ’
608 1610 677 1692 οίος
692 1611 867 1699 ὑπέκφυγε
881 1618 940 1698 νηῒ
954 1620 1126 1700 μελαίνῃ]

194 1716 249 1780 καὶ
263 1719 389 1798 Κίρκης
404 1715 553 1792 κατέλεξε
570 1712 672 1779 δόλον
687 1718 940 1798 πολυμηχανίην
954 1737 1000 1798 τε,
1106 1727 1160 1780 321

196 1809 249 1896 ἠδ’
268 1809 313 1890 ὑς
328 1817 373 1890 είς
385 1809 496 1878 Ἀίδεω
511 1812 617 1898 δόμον
630 1810 762 1898 ήλυθεν
778 1809 958 1897 εὐρώεντα,

196 1920 286 2000 ψυχῇ
301 1911 504 1998 χρησόμενος
519 1918 668 1998 Θηβαίου
685 1917 867 1999 Τειρεσίαο,

195 2017 252 2097 νηί
266 2012 479 2097 πολυκλήϊδι,
495 2013 550 2078 καί
567 2017 667 2079 είσιδε
683 2013 810 2090 πάντας
829 2013 980 2094 ἑταίρους

197 2117 321 2196 μητέρα
335 2107 380 2195 θ’,
395 2109 419 2197 ἥ
434 2137 492 2196 μιν
508 2117 612 2178 ἔτικτε
626 2113 681 2179 καὶ
695 2116 812 2196 ἔτρεφε
831 2107 961 2178 τυτθόν
979 2109 1095 2178 ἐόντα·
1108 2124 1163 2177 3κό
1228 2159 1229 2201 ,

195 2208 249 2295 ἡδ’
270 2207 313 2288 ὡς
329 2210 504 2296 Σειρήνων
517 2209 667 2278 όδινάων
684 2212 843 2296 φθόγγον
858 2205 1017 2289 ἄκουσεν,

197 2307 241 2387 ὥς
255 2307 287 2376 θ’
305 2314 393 2378 ἵκετο
411 2309 587 2396 Πλαγκτὰς
602 2315 722 2395 πέτρας
739 2309 855 2396 δεινήν
871 2335 907 2376 τε
924 2307 1105 2394 Χάρυβδιν

196 2408 357 2495 Σκύλλην
372 2408 417 2498 δ’,
435 2405 477 2497 ἢν
495 2409 536 2476 ού
554 2408 676 2477 πώποτ’
695 2408 828 2496 άκήριοι
846 2407 969 2495 ἄνδρες
985 2406 1130 2486 άλνξαν·
1227 2429 1228 2458 ι

195 2506 250 2594 ηδ’
270 2506 313 2589 ὡς
327 2508 464 2578 Ἠελίοιο
479 2509 563 2595 βόας
579 2512 790 2594 κατέπεφνον
808 2509 946 2592 ἑταῖροι·

196 2606 251 2694 ἠδ’
273 2607 317 2688 τός
334 2618 398 2696 νῆα
414 2609 505 2695 θοὴν
522 2616 617 2696 ἔβαλε
634 2608 790 2686 ψολόεντι
806 2613 962 2693 κεραυνῷ
1107 2620 1163 2672 330

197 2708 282 2788 Ζεὺς
296 2707 524 2795 ὑψιβρεμέτης,
542 2705 607 2776 άπὸ
625 2705 655 2774 δ’
676 2714 823 2794 έφδνδευ
837 2707 955 2776 ἐσθλοί
973 2709 1096 2789 ἑταῖροι

198 2808 320 2884 πάντες
337 2803 435 2891 ὑμῶς,
453 2804 554 2886 αύτός
573 2808 608 2875 δὲ
625 2804 730 2885 κακάς
748 2803 814 2872 ὑπὸ
844 2812 948 2890 κῆρας
965 2802 1102 2884 άλνξεν·

199 2903 243 2982 τός
259 2901 292 2969 θ’
308 2900 385 2969 ἵκετ’
400 2902 558 2991 Ὠγυγίην
575 2911 681 2992 νῆσον
711 2904 851 2990 νύμφην
867 2928 902 2969 τε
919 2898 1082 2986 ,Καλυψιὺ,

198 3000 219 3086 ἢ
238 3001 278 3086 δή
295 3027 353 3086 μιν
369 3005 538 3090 κατέρυκε,
558 3008 749 3091 λιλαιομένη
768 3004 869 3072 πόσιν
885 3002 971 3070 εἶναι

151 3163 152 3167 ,
200 3103 236 3168 έν
254 3104 370 3168 σπέσσι
386 3111 597 3190 γλαφυροῖσι,
614 3107 669 3173 καὶ
688 3111 828 3190 ἔτρεφεν
844 3100 904 3188 ἠδὲ
919 3108 1066 3188 ἔφασκεν
1102 3117 1160 3169 335

198 3200 319 3285 δήσειν
337 3197 509 3270 άθάνατον
526 3207 582 3273 καὶ
598 3203 749 3292 ἀγήραον
765 3203 875 3292 ἤματα
892 3201 1015 3269 πάντα·

200 3295 282 3364 άλλᾶ
298 3306 346 3386 τῷ
363 3296 483 3365 ούποτε
501 3301 615 3388 θυμὸν
632 3307 681 3369 ένί
699 3303 882 3390 στήθεσσιν
899 3307 1046 3369 έπενδεν·

199 3393 252 3478 ἠδ’
272 3395 315 3474 ιδς
332 3399 364 3474 ές
382 3405 529 3485 Φαίηκας
546 3400 681 3485 άφίκετο
701 3401 808 3470 πολλά
825 3400 983 3487 μογήσας,

200 3498 232 3557 οἳ
249 3494 287 3576 δή
304 3520 360 3578 μιν
382 3499 456 3577 περὶ
473 3505 551 3583 κῆρι
566 3501 651 3567 θεὸν
670 3500 714 3581 όίς
732 3503 912 3588 τιμήσαντο
