2452 3910
392 195 684 289 οννεεεικε
713 234 759 288 1v.
1018 227 1056 294 τι

101 407 155 456 και·
170 417 211 475 με
229 394 338 462 κέλεαι
355 391 550 460 παύσασθαι
561 386 670 470 όῐζάος
685 387 739 475 ἡδ’
757 388 914 460 ὀδυνάων

23 564 25 598 s
100 494 260 576 πολλέων,
277 495 315 559 αί
328 488 362 578 μ’
382 492 539 575 ἐρέθουσι
554 485 636 557 κατά
653 490 761 576 φρένα
772 492 826 558 καὶ
837 488 919 559 κατά
931 488 1055 576 θυμὸν,

101 585 215 673 ἣπρίν
233 589 296 676 μὲν
313 590 413 658 πόσιν
429 589 554 658 έσθλόν
573 585 729 656 ἀπάλεσα
745 589 966 675 θυμολέοντα,

103 695 259 775 παντοίης
275 689 411 777 ἀρετῇσι
426 693 632 774 κεκασμένον
648 689 685 753 έν
703 695 908 773 Δαναοῖσιν,
1003 702 1056 756 815

102 783 1055 872 [έσθλόν,τοῦκλέοςεάρύκαθ’ἙλλάδακαλμέσουἍργος.]

101 891 163 951 νῦν
180 877 227 952 αὖ
242 901 320 966 παις
336 883 579 973 ἀμαπητόςνέβη
597 890 708 970 κοίλης
724 884 776 952 ἐπὶ
793 883 882 970 νηός,

100 980 226 1070 νήπιος,
244 986 322 1053 οὔτε
339 987 455 1055 πόνων
472 977 512 1052 εὖ
529 981 624 1064 είδάς
641 980 713 1050 οὔτ’
732 980 896 1071 ἀγοράων.

102 1089 159 1147 τοῦ
177 1082 218 1168 δὴ
236 1082 302 1168 ἐμοὶ
321 1089 518 1171 καὶμᾶλλον
537 1081 700 1169 ὀδύρομαι
716 1080 802 1168 ἤπερ
820 1085 959 1150 ἐκείνου.

99 1187 159 1246 τοῦ
177 1179 211 1248 δ’
229 1181 444 1270 ἀμφιτρομέω
463 1184 517 1251 καὶ
535 1187 639 1250 δείδια
656 1181 701 1268 μή
718 1209 750 1248 τι
767 1181 927 1270 πάθῃσιν,
1003 1195 1055 1250 820

99 1273 118 1362 ἦ
137 1277 194 1364 ὅγε
212 1284 343 1349 τωνέυλ
360 1283 464 1372 δήμῳ,
480 1279 527 1349 ἵν’
544 1291 676 1367 οἴχεται,
693 1275 715 1366 ἢ
732 1282 781 1348 ένλ
797 1280 924 1370 πόντφ·

98 1380 279 1462 δυσμενέες
294 1377 360 1465 γάρ
376 1383 493 1448 πολλοὶ
510 1377 562 1447 ἐπ’
582 1377 673 1469 αὐτῷ
688 1379 928 1468 μηχανόωνται,

98 1478 221 1560 ἱέμενοι
238 1489 375 1564 κτεῖναι,
392 1479 472 1564 πρὶν
489 1483 629 1566 πατρίδα
646 1492 745 1563 γαῖαν
761 1479 926 1546 ίκέσθαι.“

143 1573 215 1659 Τὴν
236 1573 271 1640 δ’
288 1573 559 1662 ἀπαμειβόμενον
575 1579 725 1662 προσέφη
744 1580 883 1644 εἴδωλον
901 1573 1055 1662 ἀμαυρόν

98 1675 254 1760 ,,θάρσει,
271 1677 355 1759 μηδέ
370 1702 401 1741 τι
418 1677 528 1761 πάγχυ
544 1673 623 1761 μετά
643 1677 742 1760 φρεσὶ
759 1677 880 1742 δείδιθι
897 1678 986 1759 λίην·
1004 1689 1055 1743 625
1166 1757 1169 1762 Ι

97 1780 166 1858 τοίη
184 1771 252 1856 γάρ
269 1776 303 1839 οί
316 1774 448 1860 πομπὸς
465 1773 526 1861 ἀμ’
549 1782 686 1862 ἔρχεται,
705 1773 784 1861 ἦυτε
801 1775 856 1841 καί
873 1769 968 1842 ἀλλον

97 1869 213 1956 ἀνέρες
229 1867 398 1956 ἠρήσαντο
416 1874 658 1960 παρεστάμεναι
673 1915 709 1925 -
722 1872 862 1940 δύναται
878 1871 943 1958 γάρ
959 1913 995 1923 -

97 1967 232 2049 Παλλάς
249 1967 468 2058 Ἀθηναίησέ
486 1971 516 2040 δ’
537 1971 745 2060 ὀδυρομένην
763 1977 915 2058 ἐλεαίρει·

97 2066 115 2155 ἢ
136 2078 205 2136 νῦν
224 2096 265 2156 με
284 2075 423 2158 προέηκε
440 2077 511 2140 τείν
525 2073 604 2140 τάδε
620 2072 873 2159 μυθησασθαι.“

137 2168 211 2255 Τήν
228 2165 260 2236 δ’
279 2162 358 2238 αὖτε
376 2175 550 2254 προσέειπε
567 2179 741 2260 περίφρων
756 2172 965 2257 Πηνελόπεια
1002 2186 1055 2240 830

95 2274 148 2354 „ei
165 2271 231 2353 μὲν
248 2267 289 2354 δὴ
308 2268 389 2349 θεός
405 2272 487 2357 έσσι,
504 2271 599 2339 θεοῖό
615 2298 650 2338 τε
667 2275 780 2349 ἔκλυες
797 2267 912 2356 αὐδῆς,

95 2373 124 2435 εἰ
139 2364 173 2434 δ’
192 2365 253 2453 ἀμε
273 2393 328 2452 μοι
345 2370 400 2437 καὶ
418 2383 531 2438 κείνου
548 2367 682 2455 ὀίζυρόν
699 2369 889 2454 κατάλεξον,

94 2476 194 2534 ελπου
212 2472 259 2535 ἔτι
277 2468 351 2548 ζάει
367 2471 421 2537 καί
439 2466 503 2558 ὁρᾷ
520 2469 606 2554 φάος
622 2467 755 2555 ἠελίοιο,

94 2561 115 2651 ἦ
131 2564 199 2652 ἤδη
218 2572 360 2653 τέθνηκε
377 2569 432 2636 καὶ
449 2574 499 2636 εἰν
513 2565 621 2636 Ἀίδαο
640 2567 825 2654 δόμοισιν.“

130 2662 979 2754 Τὴνδ’ἀπαμειβόμενονπροσέφηείδωλονάμαυρόν
1001 2681 1054 2736 835

94 2761 161 2849 ,οὐ
179 2767 242 2850 μέν
258 2793 309 2834 τοι
324 2765 437 2835 κεῖνόν
451 2793 490 2853 με
507 2769 683 2854 διηνεκέως
698 2763 882 2852 ἀγορεύσω,

93 2865 170 2944 ζώει
186 2862 240 2949 ὅγ’
260 2861 282 2950 ἢ
298 2869 456 2952 τέθνηκε·
474 2864 580 2936 κακόν
597 2864 630 2934 δ’
648 2863 815 2953 ἀνεμάλια
833 2865 989 2954 βάζειν.“1

15 3001 17 3010 ·
128 2961 192 3043 Ὣς
210 2963 306 3032 εἰπόν
324 2975 487 3052 σταθμοίο
505 2963 594 3054 παρά
615 2965 735 3052 κληῗδα
757 2965 881 3051 λιάσθη

94 3067 127 3142 ἐς
145 3060 266 3142 πνοιάς
277 3059 425 3150 ἀνέμων·
444 3063 464 3152 ἡ
483 3063 514 3132 δ’
528 3069 561 3145 ἐξ
578 3063 690 3132 ὕπνου
701 3061 887 3149 ἀνόρουσεν

94 3161 202 3248 κου’ρη
217 3159 385 3248 Ἰκαρίοιο·
404 3171 503 3249 φίλον
520 3166 558 3232 δέ
574 3167 607 3232 οἱ
623 3156 703 3252 ἦτορ
720 3161 835 3250 ἰάνθη,
1001 3177 1055 3233 840

94 3259 142 3339 ἀς
158 3266 195 3358 οἱ
209 3263 344 3349 ἐναργὲς
360 3263 494 3350 ὄνειρον
512 3266 671 3332 ἐπέσσυτο
689 3262 812 3343 νυκτός
827 3260 970 3350 ἀμολγῷ.

137 3369 339 3451 Μυηστηρες
360 3362 393 3431 δ’
412 3362 596 3449 ἀναβάντες
614 3366 774 3431 ἐπέπλεον
791 3358 877 3446 ὑγρά
897 3363 1053 3446 κέλευθα,

96 3461 277 3550 Τηλεμάχῳ
295 3461 406 3548 φόνον
422 3460 525 3531 αίπάν
542 3463 592 3531 ένί
608 3463 728 3549 φρεσὶν
745 3458 968 3548 ὁρμαίνοντες.
