2452 3910
367 288 658 346 ΟΔΤΣΣΕΙΑΣ
683 291 739 348 vn.
970 287 1032 352 10⁵

68 449 191 530 χαίρων
207 452 436 532 καρπαλίμως,
455 452 486 514 εί
500 451 556 515 καὶ
572 447 659 533 μάλα
676 449 821 535 τηλόθεν
839 451 937 537 ἐστὶν,

69 545 149 630 μηδέ
163 569 198 612 τι
214 544 386 630 μεσσηγύς
401 571 439 629 γε
456 544 562 613 κακόν
579 548 635 614 καὶ
652 555 744 634 πῆμα
759 548 910 638 πύθησιν
982 566 1030 620 19⁵

69 651 144 725 πρίν
158 669 200 728 γε
215 640 279 710 τόν
294 635 336 729 ής
351 649 446 730 γαίης
462 643 671 733 ἐπιβήμεναι·
689 652 776 716 ἔνθα
792 646 825 715 δ’
843 655 954 717 ἔπειτα

70 747 214 810 πείσεται
243 740 331 808 ἅσσα
349 747 383 810 οί
397 743 483 811 Αίσα
499 745 582 812 κατὰ
598 751 739 826 Κλώθές
754 773 790 816 τε
806 755 935 835 βαρεῖαι

69 845 250 932 γεινομένῳ
267 843 414 928 νήσαντο
432 849 523 934 λίνρτ,
541 843 596 912 ὅτε
613 872 671 930 μιν
686 848 759 914 τέκε
774 847 891 934 μήτηρ.

69 947 97 1009 εί
109 945 148 1009 δέ
162 967 214 1020 τις
235 940 419 1010 ἀθανάτων
435 969 473 1028 γε
490 941 556 1011 κατ’
577 942 726 1030 ούρανοῦ
745 943 953 1031 εἰλήλουθεν,

68 1040 143 1108 ἄλλο
162 1067 197 1108 τι
215 1041 259 1128 δή
276 1040 349 1109 τόδ’
366 1048 477 1110 ἔπειτα
494 1046 570 1109 θεοὶ
587 1043 900 1130 περιμηχανόωνται.
975 1061 1030 1113 200

67 1142 125 1208 αίελ
143 1139 212 1226 γὰρ
230 1139 269 1208 τὸ
287 1139 392 1225 πόρος
409 1166 447 1227 γε
464 1143 539 1208 θεοὶ
557 1149 735 1225 φαίνονται
751 1147 901 1228 ἐναργεῖς

66 1237 152 1326 ἡμῖν,
172 1232 247 1307 εὖτ’
263 1245 413 1327 ἔρδωμεν
429 1238 623 1326 ἀγακλειτὰς
639 1240 831 1328 ἑκατόμβας,

68 1345 245 1408 δαίνυνταί
258 1366 294 1407 τε
312 1339 392 1422 παρ’
411 1323 502 1426 ἅμμέ
512 1340 700 1425 καθήμενοι
716 1337 802 1408 ἔνθα
818 1363 879 1423 περ
897 1337 997 1426 ἡμεῖς.

69 1443 96 1504 εί
110 1436 143 1504 θ’
162 1437 231 1523 όὶρα
250 1465 299 1518 τις
317 1440 372 1506 καὶ
389 1446 515 1524 μοῦνος
530 1437 592 1506 cdv
611 1437 791 1526 ξύμβληται
807 1436 927 1524 ὁδίτης,

68 1534 138 1602 ούτι
155 1537 462 1622 κατακρύπτουσιν,
479 1541 551 1604 έπεί
565 1557 682 1622 σφισιν
699 1536 844 1622 ἐγγύθεν
863 1538 962 1623 είμὲν,
974 1553 1024 1606 2θὲ

68 1633 176 1721 ὥσπερ
194 1635 380 1713 Κύκλωπές
396 1661 431 1703 τε
448 1637 503 1703 καὶ
515 1634 615 1720 ἄγρια
632 1642 724 1720 φῦλα
740 1633 950 1720 Γιγάντων.“

107 1732 178 1800 Τὸν
188 1731 218 1802 δ’
226 1733 493 1820 ἀπαμειβόμενος
500 1737 652 1820 προσέφη
662 1730 1028 1820 πολύμητιςΌθυσσεύς

8 1825 15 1846 '
68 1830 243 1918 ,,Ἀλκίνο’,
265 1831 347 1900 ἄλλο
370 1839 404 1900 τί
418 1859 474 1917 μοι
492 1837 615 1918 μελέτω
628 1837 762 1918 φρεσίν·
780 1829 821 1898 ού
838 1827 903 1916 γὰρ
922 1837 1024 1917 ἔγωγε

67 1929 289 1999 ἀθανάτοισιν
305 1937 407 2017 ἔοικα,
426 1934 476 1999 τοί
493 1928 642 2018 ούρανόν
659 1929 763 2017 εύρύν
780 1937 922 2017 ἔχουσιν,

68 2029 107 2097 ού
123 2035 225 2117 δέμας
242 2027 322 2098 ούθὲ
340 2029 443 2116 φυὴν,
462 2028 545 2097 ἀλλὰ
563 2041 717 2117 θνητοῖσι
731 2038 912 2118 βροτοῖσιν·
972 2048 1030 2101 210

70 2128 223 2208 σύστινας
239 2129 334 2215 ὑμεῖς
349 2138 417 2197 ίστε
433 2127 567 2216 μάλιστ’
584 2125 739 2215 ὀχέοντας
755 2128 847 2211 σ’ῖζύν

68 2227 270 2314 ἀνθρώπων,
288 2234 395 2296 τοῖσίν
412 2253 471 2296 κεν
488 2230 526 2296 έν
542 2226 678 2313 όὶλγεσιν
694 2235 884 2315 ἰσωσαίμην.

68 2329 119 2395 καί
136 2325 167 2394 θ’
186 2333 236 2396 ἔτι
253 2354 315 2394 κεν
330 2329 385 2394 καὶ
403 2335 532 2412 μᾶλλον
549 2326 614 2414 έγύ
632 2327 718 2396 κακὰ
735 2336 962 2415 μυθησαίμην,

68 2425 148 2496 ὅσσα
164 2425 263 2522 resto}
282 2425 456 2513 ξύμπαντα
472 2434 565 2495 θεῶν
584 2427 687 2515 ίότητι
703 2427 841 2514 μόγησα.

68 2525 136 2595 ἀλλ’
156 2530 214 2613 ἐμὲ
231 2526 293 2612 μὲν
311 2531 474 2614 δορπῆσαι
491 2525 606 2596 ἐάσατε
634 2526 822 2614 κηδόμενόν
839 2550 916 2611 περ·
971 2543 1024 2596 εισ

68 2625 107 2694 ού
123 2627 187 2713 γάρ
205 2653 237 2694 τι
248 2635 396 2715 στυγερῇ
410 2629 464 2696 ἐπὶ
480 2633 615 2715 γαστέρι
631 2627 795 2712 κύντερον
813 2626 894 2695 ἄλλο

68 2732 188 2813 ἔπλετο,
207 2724 262 2812 ἥτ’
282 2728 454 2795 ἐκέλευσεν
471 2729 506 2796 ἕο
522 2729 717 2814 μνήσασθαι
734 2724 865 2814 ἀνάγκη
935 2741 938 2746 “

69 2829 118 2895 καὶ
133 2829 223 2913 μάλα
241 2826 436 2914 τειρόμενον
452 2830 507 2895 καὶ
526 2830 576 2895 ἑνὶ
594 2829 692 2914 φρεσὶ
712 2831 837 2904 πένθος
853 2832 981 2912 ἔχοντα,

70 2922 180 3006 ὅςκαὶ
199 2925 265 3014 ἐγώ
283 2931 409 3007 πένθος
426 2928 487 3013 μὲν
508 2931 570 3013 ἔχω
589 2928 718 3012 φρεσίν,
736 2923 756 3011 ἡ
774 2929 809 2992 δὲ
826 2921 900 3011 μάλ’
918 2927 982 2994 αίελ

69 3029 241 3115 ἐσθέμεναι
259 3032 388 3095 κέλεται
405 3029 460 3096 καὶ
477 3030 624 3113 πινέμεν,
642 3026 679 3093 ἐκ
697 3026 735 3091 δέ
749 3049 790 3108 με
807 3023 942 3091 πάντων
970 3039 1043 3092 22⁰.

69 3129 204 3211 ληθάνει
233 3126 309 3196 ὅσσ’
327 3125 470 3214 ἐ’παθον,
490 3130 546 3194 καὶ
563 3123 806 3211 ένιπλήσασθαι
826 3119 958 3207 ἄνοι’γει.

70 3221 153 3311 ὑμεῖς
171 3224 204 3295 δ’
223 3225 429 3314 ὀτρύνεσθαι
446 3223 504 3312 ἅμ’
521 3223 576 3313 ήοῖ
593 3225 848 3310 φαινομένηφιν,

71 3322 108 3403 ύς
122 3324 154 3394 κ’
172 3323 231 3413 έμὲ
247 3324 308 3394 τόν
327 3327 495 3413 δύστηνον
513 3329 591 3413 ἐμῆς
608 3323 779 3410 ἐπιβήσετε
796 3321 932 3407 πύτρης,

70 3432 178 3508 καίπερ
196 3422 305 3493 πολλὰ
323 3425 493 3493 παθόντα·
513 3424 629 3492 ίόόντα
647 3449 687 3509 με
705 3425 760 3490 καὶ
777 3424 866 3487 λίποι
883 3419 968 3484 αίων

69 3531 176 3610 κτῆσιν
194 3523 291 3613 ἐμήν,
315 3523 428 3612 θμοῖύς
446 3550 481 3592 τε
498 3525 552 3592 καὶ
565 3520 727 3607 ὑψερεφὲς
738 3521 820 3603 μέγα
833 3520 960 3599 θοῖμα.“
971 3529 1024 3578 225
