2492 3922
387 250 679 308 οκυεεκικε
700 250 721 303 1.
882 321 888 328 ῃ
993 243 1028 306 11

73 412 153 481 ύστε
173 411 284 500 πατήρ
304 403 334 502 ηδ
350 411 453 494 παιδὶ,
472 411 527 476 καὶ
546 406 668 475 οὔποτε
687 406 828 493 λήσομαι
846 402 968 472 αὐτῶν.

74 509 139 579 ἀλλ’
160 509 223 598 ἄγε
243 518 311 578 νύν
330 511 510 595 ἐπίμεινον,
530 503 743 591 ἐπειγόμενός
762 529 823 590 περ
844 500 947 587 ὁδοῖο,

73 609 161 695 ὄφρα
172 607 401 694 λοεσσάμενός
419 631 454 674 τε
473 603 715 690 τεταρπόμενός
725 629 760 672 τε
778 609 878 688 φίλον
889 607 964 688 κῆρ,
978 615 1030 670 310

72 715 183 791 δωρον
202 711 289 793 ἔχων
307 707 361 774 ἐπὶ
381 711 445 792 νῆα
464 709 546 792 κίης,
565 709 690 789 χαίρων
708 704 758 770 ἐνί
776 705 887 791 θυμῷ,

73 815 199 892 τιμῆεν,
219 804 310 892 μάλα
328 801 444 889 καλὸν,
465 800 486 870 ὅ
504 827 555 870 τοι
573 800 745 888 κειμήλιον
764 806 855 868 ἔσται

72 909 102 984 ἐξ
121 907 214 990 ἐμεῦ,
235 897 289 972 οἷα
309 908 401 988 φίλοι
419 907 520 982 ξεῖνοι
539 903 673 980 ξείνοισι
692 904 878 968 διδοῦσιν.“

113 1002 184 1072 Τδυ
204 1001 237 1071 δ’
258 999 398 1090 ήμείβεύ
419 1005 530 1068 ἔπειτα
548 1000 613 1068 θεά
632 1003 822 1086 γλαυκῶπις
838 993 963 1081 Ἀθήνη

74 1102 137 1188 ,μή
157 1100 190 1188 μ’
210 1104 260 1168 ἔτι
278 1107 344 1168 νῦν
362 1101 534 1187 κατέρυκε,
554 1095 766 1183 λιλαιόμενόν
785 1119 846 1181 περ
866 1091 966 1162 ὁδοῖο.
978 1107 1030 1160 315

73 1205 185 1282 δωρον
203 1197 236 1265 δ’
258 1195 329 1266 ὅττι
347 1199 386 1266 κέ
403 1223 459 1284 μοι
479 1203 598 1265 δοῦναι
617 1203 718 1282 φίλον
736 1187 818 1282 ήτορ
837 1191 961 1280 άνάγη,

73 1289 163 1374 αὖτις
184 1293 395 1385 ἀνερχομένῳ
417 1295 554 1381 δόμεναι
571 1294 702 1364 οἶκόνδε
721 1296 895 1380 φέρεσθαι,

73 1401 124 1466 καὶ
143 1399 235 1486 μάλα
255 1395 361 1466 καλὸν
380 1397 481 1466 ἑλόν·
502 1398 554 1466 σοὶ
574 1395 605 1464 δ’
626 1395 720 1476 άξιον
738 1399 829 1462 ἔσται
848 1390 987 1478 ἀμοιβῆς
1000 1393 1021 1429 “

105 1494 148 1564 'H
164 1494 228 1582 μὲν
248 1492 298 1582 ἄρ’
320 1491 364 1573 δός
383 1491 509 1564 είποῦό
526 1493 630 1582 άπίβη
647 1500 837 1580 γλαυκῶπις
853 1487 989 1575 Ἀθήνη,

11 1603 12 1610 ’
75 1596 164 1680 γ’ρνις
181 1594 215 1663 δ’
233 1592 280 1674 ιδς
297 1592 441 1662 άνοπαῖα
458 1598 624 1662 διέπτατο·
646 1599 693 1681 τῷ
710 1587 742 1658 δ’
761 1591 810 1659 ἐνί
827 1592 927 1674 θυμῷ
979 1597 1031 1652 ῖλο

74 1703 157 1782 θήκε
175 1699 276 1781 μένος
292 1697 347 1762 καὶ
363 1692 503 1776 θάρσος,
525 1689 717 1777 ὑπέμνησέν
733 1689 770 1755 τέ
786 1687 802 1754 ἑ
818 1679 944 1770 πατρὸς

75 1801 200 1879 μᾶλλον
219 1788 260 1860 ἔτ’
278 1787 302 1879 ή
317 1790 355 1860 τό
374 1792 551 1879 πάροιθεν.
584 1789 651 1859 ὁδδ
669 1788 788 1875 φρεσίν
804 1775 861 1874 ήσι
877 1779 1000 1869 νοήσας

74 1889 250 1978 θάμβησεν
265 1887 350 1957 κατὰ
365 1887 495 1974 θυμόν·
518 1885 632 1957 ὀίσατο
648 1883 713 1972 γάρ
730 1883 815 1954 θεὸν
832 1879 925 1950 εἶναι.

75 1989 192 2060 αὐτίκα
208 1990 246 2058 δὲ
262 1997 452 2076 μνηστῆρας
469 1985 612 2076 ἐπῴχετο
629 1983 763 2062 ἰσόθεος
780 1979 861 2068 φάς.

113 2097 209 2158 Τοῖσι
229 2085 260 2155 δ’
281 2085 392 2166 άοιδδς
410 2083 502 2154 άειδε
518 2079 725 2171 περικλυτός,
743 2083 778 2148 ολ
793 2079 829 2147 δὲ
847 2083 954 2163 σιωπή
980 2087 1030 2143 ³2⁵

74 2187 146 2258 εἵατ’
166 2187 365 2266 άκούοντες·
389 2183 406 2253 ὁ
427 2182 461 2252 δ’
474 2182 615 2269 Ἀχαιῶν
632 2179 753 2248 νόστον
768 2175 879 2244 ἄειδεν

11 2303 12 2374 ξ
75 2285 211 2374 λυγρὸν,
232 2281 273 2352 δυ
293 2286 330 2352 ἐκ
350 2287 471 2370 Τροίης
488 2283 672 2348 ἐπετείλατο
690 2271 827 2352 Παλλάς
840 2270 976 2357 Ἀθήνη.

11 2429 12 2432 =
114 2391 186 2453 Τοῦ
211 2382 244 2451 δ’
263 2380 476 2466 ὑπερωῖόθευ
494 2378 592 2464 φρεσὶ
611 2385 756 2444 ουνθετι
773 2372 895 2439 θέσπιν
912 2363 1031 2450 άοιδήν

74 2485 179 2572 κούρη
196 2480 360 2566 Ἰκαρίοιο,
378 2483 553 2566 περίφρων
568 2471 793 2560 Πηνελόπεια·

74 2588 217 2669 κλίμακα
235 2577 268 2648 δ’
285 2583 421 2665 ὑψηλήν
440 2572 638 2661 κατεβήσετο
655 2564 705 2637 οἷο
723 2566 850 2652 δόμοιο,
980 2569 1032 2624 λλο

74 2679 134 2749 οόκ
152 2689 219 2766 οῖη,
242 2675 312 2763 ἅμα
328 2684 409 2764 τήγε
424 2675 480 2742 καὶ
496 2671 680 2758 ἀμφίπολοι
698 2662 752 2735 δύ’
771 2663 901 2730 ἕποντο.
1051 2668 1055 2674 “

75 2775 92 2863 ή
109 2774 140 2845 δ’
159 2775 218 2844 δ’τε
236 2772 277 2861 δή
296 2779 487 2860 μνηστῆρας
503 2768 640 2855 ἄφίκετο
658 2771 712 2835 δῖα
727 2764 909 2850 γυναικοῖν,

75 2883 133 2961 στῆ
151 2879 195 2961 δα
213 2869 304 2958 παρὰ
323 2865 477 2956 σταθμόν
493 2869 605 2954 τέγεος
620 2866 712 2934 πύκα
726 2872 885 2948 ποιητοῖο,

75 2972 155 3040 άντα
172 2971 347 3058 παρειάων
365 2971 507 3058 σχομένη
525 2963 648 3048 λιπαρά
664 2961 849 3050 κρήδεμνα·

76 3066 262 3155 ἀμφίπολος
278 3065 311 3134 δ’
329 3065 395 3152 άρα
412 3069 447 3134 οί
461 3061 562 3151 κεδνή
582 3062 740 3144 ἑκάτερθε
756 3061 910 3145 παρέστη.
979 3066 1030 3120 335

77 3168 270 3250 δακρύσασα
290 3162 321 3234 δ’
340 3171 453 3234 ἔπειτα
469 3161 645 3249 προσηύδα
661 3169 758 3227 θεῖον
775 3153 891 3222 άοιδόυ

113 3269 260 3355 Myce,
279 3261 387 3333 πολλά
405 3260 470 3349 γάρ
487 3262 573 3330 άλλα
587 3263 719 3345 βροτῶν
732 3250 914 3337 θελκτήρια
930 3243 1029 3325 οἶδας,
1067 3279 1077 3290 x

76 3359 139 3448 ἔργ’
156 3364 297 3454 ἀνδρῶν
312 3390 349 3432 τε
365 3369 460 3432 θεοῖν
475 3387 521 3448 τε,
539 3357 616 3426 τάτε
632 3357 800 3442 κλείουσιν
816 3345 937 3414 άοιδοί·

79 3470 142 3533 τόν
160 3463 197 3532 ἔν
213 3471 254 3550 γε’
270 3482 353 3549 σφιν
369 3455 460 3528 άειδε
478 3454 678 3545 παρήμενος,
696 3453 729 3518 οἱ
745 3448 780 3516 δὲ
799 3450 906 3526 σιωπή
