2460 3920
208 266 271 331 ³42
511 268 801 328 ΟΔΤΣΣΕΜΣ
828 268 866 328 Φ.

180 407 182 414 ¹
251 428 319 498 Τόν
336 426 368 497 δ’
386 420 466 497 αὔτε
482 427 657 512 προσέειπε
673 433 847 512 περίφρων
861 427 1071 514 Πηνελόπεια
1109 445 1153 498 330

206 524 410 616 ,,Εάράμαχ’,
427 526 538 605 οὔπως
554 530 644 593 ἐστιν
659 528 807 605 ἐϋκλεῖας
822 525 906 594 κατὰ
921 531 1029 612 δῆμον

206 633 344 714 έμμεναι
360 635 394 695 οἳ
409 627 448 713 δή
466 624 560 694 οἶκον
576 622 785 712 ἀτιμάζοντες
803 631 939 695 ἔδουσιν

206 723 330 810 ἀνδρός
346 723 516 814 ἀριστῆος·
538 729 572 792 τί
585 722 615 792 δ’
633 728 764 811 ἐλέγχεα
778 731 883 793 ταῦτα
897 733 1066 808 τίθεσθεςΙ

205 816 304 904 οὗτος
320 824 355 893 δὲ
371 831 476 906 ξείνας
491 824 580 910 μάλα
595 823 657 910 μὲν
670 825 772 910 μέγας
785 819 840 911 ἠδ’
859 821 1016 911 εὐπηγής,

204 923 329 1013 πατρὸς
345 923 376 994 δ’
393 929 425 1007 ἐξ
442 923 576 1012 ἀγαθοῦ
592 927 687 1011 γένος
703 921 831 1010 εὔχεται
846 929 985 1011 ἔμμεναι
1000 923 1084 1004 υἱός.
1108 938 1150 993 335

205 1021 273 1093 ἀλλ’
292 1023 403 1144 ἀγεί
368 1052 386 1094 ο
388 1024 490 1094 ίδότε
504 1025 603 1106 τόξον
618 1025 746 1111 ἐΰξοον,
765 1023 855 1110 ὅφρα
870 1027 1004 1110 ίδωμεν.

204 1114 325 1191 τόδε
285 1152 349 1211 γαρ
365 1124 540 1212 ἐξερέω,
508 1151 544 1192 το
562 1127 597 1194 δὲ
582 1126 669 1194 ὲκαὶ
683 1124 918 1210 τετελεσμένον
933 1129 1040 1191 ἔσται·

204 1230 237 1289 εί
249 1225 288 1290 κέ
301 1249 360 1310 μιν
376 1223 552 1313 ἐντανύσῃ,
571 1223 640 1311 δοίη
657 1227 695 1291 δέ
708 1215 796 1290 οἱ
756 1249 853 1309 ευχος
865 1220 1048 1308 Ἀπόλλων,

203 1321 290 1388 ἕσσω
307 1347 366 1408 μιν
381 1320 519 1409 χλαῖνάν
534 1348 570 1390 τε
586 1322 710 1408 χιτῶνά
727 1348 773 1407 τε,
792 1325 907 1408 είματα
923 1323 1021 1407 καλὰ,

204 1419 300 1488 δάσω
318 1419 351 1489 δ’
368 1418 489 1502 όξόν”
466 1448 608 1508 ακοντα,
627 1447 742 1490 κυνων
758 1419 904 1508 ἀλκτῆρα
921 1447 977 1488 και
966 1420 1133 1509 ἀνδρῶν,

191 1521 259 1588 καὶ
275 1519 407 1608 ξίφος”
384 1547 550 1609 αμφηκες·
573 1522 670 1590 δωσω
689 1519 756 1588 δ
738 1547 804 1589 νπο
794 1518 923 1590 ποσσὶ
939 1523 1069 1608 πέδιλα,
1105 1534 1149 1588 341

203 1622 321 1708 πέμψω
337 1620 371 1688 δ’
389 1620 480 1709 ὅππη
496 1649 554 1708 μιν
571 1624 689 1708 κραδίη
704 1621 815 1706 θυμός
831 1646 866 1688 τε
883 1619 1047 1688 κελεύει.“

236 1718 317 1808 ·Τήν
333 1719 367 1788 δ’
383 1713 429 1789 αὖ
447 1725 635 1809 Τηλέμαχος
650 1723 860 1808 πεπνυμένος
874 1716 992 1790 ἀντίον
1009 1719 1094 1807 ηὔδα

203 1828 328 1908 ,μῆτερ
345 1818 418 1907 ἐμή,
436 1821 534 1902 τόξου
549 1823 611 1908 μέν
624 1818 762 1906 Ἀχαιάν
779 1819 872 1900 οὔτις
887 1822 976 1905 έμελο

202 1927 377 2006 κρείσσων,
391 1911 456 2012 ᾦή
469 1923 585 2006 ἐθέλω,
599 1920 741 2007 δόμεναί
753 1947 787 1988 τε
805 1921 859 1989 καὶ
875 1917 1096 2008 ἀρνήσασθαι,
1104 1933 1150 1986 345

202 2016 277 2088 οὔθ’
298 2018 393 2089 όσσοι
409 2018 561 2109 κραναὴν
573 2020 710 2107 Ἰθάκην
725 2021 809 2088 κάτα
825 2022 1068 2106 κοιρανέουσιν,

202 2119 278 2188 οὔθ’
294 2117 390 2189 ὅσσοι
407 2122 540 2209 νήσοισι
556 2118 780 2208 πρόςἪλιδος
798 2119 1010 2206 ἱπποβότοιο·

201 2229 268 2288 των
285 2219 376 2299 οὔτις
390 2215 420 2307 μ’
439 2218 580 2289 ἀέκοντα
596 2221 756 2308 βιήσεται,
774 2228 812 2287 αί
824 2215 853 2286 κ’
870 2220 1016 2302 ἐθέλωμι

200 2321 255 2388 καὶ
272 2318 428 2400 καθάπαξ
444 2325 539 2408 ξείνφ
557 2320 695 2407 δόμεναι
709 2319 789 2388 τάδε
805 2318 884 2399 τόξα
900 2321 1073 2405 φέρεσθαι.

202 2414 270 2485 ἀλλ’
289 2423 336 2496 είς
353 2416 448 2486 οἰκον
466 2423 563 2487 ἰοῦσα
582 2420 622 2486 τά
640 2417 672 2486 δ’
693 2414 796 2506 αὐτῆς
812 2423 892 2504 ἔργα
909 2417 1033 2503 κόμιζε,
1103 2431 1149 2485 σόν
1201 2483 1202 2498 ,

201 2517 296 2586 ίστόν
311 2515 338 2586 τ’
354 2517 523 2606 ῆλακάτην
537 2545 583 2605 τε,
602 2519 658 2587 καὶ
675 2516 892 2606 ἀμφιπόλοισι
909 2518 1025 2585 κέλευε

201 2621 301 2702 ἔργον
317 2619 523 2705 ἐποίχεσθαι·
542 2617 642 2699 τόξον
659 2615 689 2686 δ’
709 2617 867 2704 ἀνδρεσσι
884 2616 1022 2704 μελήσει

199 2724 290 2801 πᾶσι,
308 2717 450 2802 μάλιστα
468 2715 501 2785 δ’
513 2721 600 2803 ἐμοί·
617 2725 680 2786 τοῦ
693 2719 757 2804 γάρ
769 2716 889 2802 κράτος
905 2714 966 2785 ἔστ’
980 2717 1031 2785 ένὶ
1041 2719 1147 2803 οίκηι.“

229 2811 273 2880 Ἡ
288 2818 350 2900 μὲν
367 2813 571 2902 θαμβήσασα
588 2818 690 2885 πάλιν
706 2817 840 2885 οἶκόνδε
855 2815 1005 2904 βεβήκει·

199 2909 315 2992 παιδὸς
330 2911 395 2997 γάρ
413 2921 527 3000 μῦθον
543 2921 756 3003 πεπνυμένον
773 2923 891 2986 ἔνθετο
908 2923 1021 3006 θυμῷ.
1101 2929 1147 2983 355

198 3013 231 3090 ές
248 3009 281 3078 δ’
298 3010 425 3104 ὑπερῷ’
444 3012 597 3103 ἀναβᾶσα
616 3016 681 3084 σόν
698 3015 917 3103 ἀμφιπόλοισι
932 3017 1083 3102 γυναιξὶν

198 3117 312 3178 κλαῖεν
328 3109 424 3180 ἔπειτ’
439 3112 590 3202 Ὀδυσῆα,
609 3122 711 3202 φίλον
726 3115 837 3201 πόσιν,
855 3113 948 3203 όφρα
965 3119 1000 3183 οί
1012 3113 1120 3182 ὕπνον

197 3204 284 3292 ῆδύν
301 3212 354 3279 έπλ
369 3215 565 3391 βλεφάροισι
580 3214 661 3302 βάλε
679 3223 871 3302 γλαυκῶπις
883 3213 1023 3302 Ἀθήνη.

237 3303 387 3395 Αάτάρ’
371 3337 388 3377 ο
407 3311 485 3391 τόξα
500 3311 615 3432 λαβφν
631 3317 712 3435 φέρε
728 3315 886 3402 καμπύλα
901 3320 971 3396 δῖος
986 3311 1133 3402 υφορβός

195 3413 379 3521 μνηστῆρες
397 3406 471 3474 δ’”
448 3435 514 3494 αρα
530 3411 652 3492 πάντες
668 3411 831 3500 ὁμόκλεον
847 3419 884 3484 ἐν
900 3415 1108 3502 μεγάροισιν·

197 3489 261 3566 ωδε
279 3505 317 3570 δέ
330 3531 379 3583 τις
396 3514 527 3575 είπεσκε
546 3508 666 3577 νέων’
647 3515 961 3602 υπερηνορεόντων
1097 3526 1141 3579 ³6!
