2396 3914
342 223 638 298 οανεεεεεκε
659 227 720 282 xv.
944 226 1008 295 ειη
1095 305 1104 312 ,

66 388 203 470 ἔκφερεν·
225 383 332 469 αύτάρ
351 381 441 471 έροδν
460 384 588 472 ἑπόμην
607 383 899 476 ἀεσιφροσύνῃσιν.
953 405 1007 462 470

66 485 166 552 δύσετό
185 480 213 551 τ’
232 483 356 570 ἠέλιος,
391 483 559 552 σκιόωντό
577 493 734 554 τοπάσαι
753 484 877 572 άχνιαί·

64 579 139 669 ἡμεῖς
157 579 191 650 δ’
213 586 245 662 ές
265 587 383 670 λιμένα
402 580 527 654 κλυτόν
545 581 695 671 ἤλθομεν
714 575 784 652 άκα
802 587 941 675 κιόντες,

63 680 124 748 ἔνθ’
143 681 211 767 άρα
230 688 402 752 Φοινίκων
421 680 555 766 ἀνδρῶν
573 675 617 769 ἦν
636 681 788 763 ω’κύαλος
806 692 898 772 νηύς.

62 782 90 846 οἰ
102 781 159 868 μὲν
177 779 275 850 ἔπειτ’
295 778 480 869 ἀναβάντες
498 783 657 850 ἐπέπλεον
675 780 763 868 ύχρά
782 785 937 870 κέλευθα,

63 876 99 944 νδ
117 877 379 967 ἀναβησάμενοι·
401 882 453 948 ε’πλ
473 881 509 948 δὲ
527 879 613 960 Ζεύς
631 872 735 966 ούρον
754 889 876 950 ίαλλεν.
945 875 1003 954 '4⁷⁵

62 978 169 1063 εξῆμαρ
189 980 252 1064 μὲν
269 974 359 1064 ὅμως
377 983 520 1065 πλέομεν
538 979 662 1059 νύκτας
680 1007 715 1048 τε
733 983 788 1049 καὶ
804 973 909 1069 ἦμαρ·

61 1073 116 1142 ἄλλ’
136 1075 192 1144 ὅτε
212 1074 254 1163 δη
275 1077 421 1163 ἕβδομον
436 1069 525 1164 ἦμαρ
545 1081 597 1147 ἐπί
613 1080 698 1158 Ζεύς
714 1087 801 1166 θῆκε
817 1087 984 1169 Κρονίων,

60 1172 111 1260 τὴν
127 1177 189 1262 μὲν
208 1180 320 1243 ἔπειτα
338 1191 480 1259 γυναῖκα
499 1175 572 1263 βάλ’
583 1176 735 1263 ’Ἄρτεμις
753 1181 908 1266 ἰοχέαιρα,

60 1271 156 1363 ἄντλῳ
176 1271 210 1342 δ’
230 1275 418 1362 ἐνδούπησε
437 1273 578 1343 πεσούσ’
599 1273 645 1356 ὡς
662 1282 787 1363 εἰναλίη
806 1277 878 1364 κη’ξ.

60 1371 183 1460 κοίτην
202 1373 266 1460 μέν
285 1373 419 1462 φύκησι
437 1376 492 1443 καί
512 1375 626 1460 ἰχθύσι
644 1375 755 1463 κύρμα
773 1379 932 1462 γενέσθαι
951 1393 1001 1448 480

59 1475 205 1557 ἔκβαλον·
225 1467 332 1568 αὐτάρ
351 1471 416 1558 sy&
436 1461 802 1561 λιπόμην-ἀκαχήμενος
819 1468 919 1563 ἦτορ·

58 1568 123 1650 τούς
141 1569 173 1638 δ’
191 1569 308 1660 Ἰθάκη
327 1574 485 1640 ἐπέλασσε
504 1577 619 1659 φέρων
635 1571 757 1659 άνεμός
775 1599 810 1640 τε
825 1575 882 1641 καί
897 1571 1000 1658 ὕδωρ,

58 1673 129 1736 ἔνθα
144 1696 186 1756 με
200 1674 351 1757 Λαέρτης
367 1678 486 1757 πρίατο
501 1673 692 1766 κτεάτεσσιν
707 1673 818 1739 έοίσιν.

58 1766 134 1835 οὕτω
149 1769 251 1856 τήνδε
265 1795 303 1856 γε
317 1784 417 1856 γαῖαν
430 1769 518 1857 έχων
537 1776 612 1839 ίδον
630 1769 889 1858 όφθαλμοῑσιν.“

92 1867 158 1935 Τόν
174 1868 205 1938 δ’
225 1863 271 1938 αύ
299 1869 453 1956 διογενὴς
465 1868 623 1948 Ὀδυσεύς
638 1868 790 1957 ἠμείβετο
807 1868 907 1957 μύθῳ
947 1883 1002 1938 480

56 1966 194 2056 ,,ίδύμαι’,
212 1961 236 2056 ἦ
250 1969 340 2056 μάλα
357 1970 399 2056 δή
415 1996 472 2056 μοι
487 1972 536 2040 ένί
551 1971 651 2055 φρεσὶ
665 1966 780 2054 θυμόν
796 1965 911 2052 ὄρινας

55 2072 147 2133 ταῦτα
162 2069 286 2135 ἕκαστα
302 2070 424 2153 λέγων,
458 2066 522 2136 ὅσα
539 2066 578 2154 δὴ
597 2067 705 2146 πάθες
721 2066 823 2152 άλχεα
837 2072 948 2154 θυμῷ.

54 2160 113 2231 ἀλλ’
129 2162 200 2252 ἤτοι
215 2167 269 2233 σοί
285 2167 349 2252 μέν
364 2165 455 2251 παρά
471 2169 527 2234 καί
542 2174 634 2257 κακῷ
650 2163 776 2234 ἐσθλόν
789 2165 913 2251 έθηκεν

53 2261 143 2351 Ζεύς,
159 2267 229 2333 ἐπεὶ
245 2263 370 2352 άνδρός
388 2263 506 2352 δράματ’
524 2265 642 2351 ἀφίκεο
659 2263 764 2332 πολλὰ
781 2264 928 2351 μογήσας
978 2261 984 2268 ’

54 2358 158 2449 ἠπίου,
174 2360 212 2442 ὃς
228 2363 270 2451 δή
289 2390 342 2431 τοι
357 2367 491 2450 παρέχει
506 2369 635 2452 βρῶσίν
648 2390 683 2432 τε
700 2364 800 2430 πόσιν
816 2388 851 2429 τε
946 2374 999 2430 090
1043 2421 1048 2424 ,

54 2461 220 2548 ἐνδυκέως,
238 2461 331 2542 ζοίεις
347 2459 380 2528 δ’
397 2460 532 2552 άμαθόν
546 2469 637 2550 βίον·
655 2460 760 2546 αύτάρ
777 2465 880 2545 ἔγωγε

55 2558 148 2627 τολλά
164 2567 299 2647 βροτῶν
314 2562 367 2628 ἐπὶ
384 2558 469 2629 ἄστε’
489 2559 659 2648 άλύμενος
676 2556 795 2628 ἐνθάδ’
814 2558 954 2626 ίκάνω,“

85 2653 141 2739 Ὦς
156 2663 191 2728 οί
204 2661 268 2746 μὲν
283 2668 420 2727 τοιαῦτα
435 2659 520 2747 πρὸς
535 2657 699 2746 άλλήλους
715 2655 890 2742 άχόρευον,

53 2761 273 2844 καδδραθέτην
285 2755 316 2824 δ’
331 2756 372 2824 ού
383 2754 511 2826 πολλὸν
520 2761 573 2827 ἐπί
583 2757 717 2844 χρόνον,
736 2754 819 2824 άλλά
831 2762 995 2843 μίνυνθα

51 2853 120 2935 αἶψα
135 2857 200 2944 γάρ
213 2856 301 2936 Ἠαὶς
315 2850 425 2943 ἦλθεν
439 2859 614 2940 ἐύθρονος.
638 2862 673 2924 οί
686 2855 718 2922 δ’
735 2858 787 2924 έπί
802 2858 923 2940 χέρσου
945 2869 997 2925 495

52 2957 235 3043 Τηλεμάχου
251 2959 364 3040 ἕταροι
379 2957 468 3024 λύον
482 2963 582 3042 ίοτία,
600 2956 664 3024 κάδ
679 2953 711 3022 δ’
727 2957 804 3023 ἕλον
818 2951 912 3022 ἰστὸν

49 3063 268 3143 καρπαλίμως,
291 3053 355 3141 τὴν
372 3051 404 3122 δ’
421 3061 468 3134 εἰς
483 3053 591 3141 ὅρμον
606 3054 819 3138 προέρυσσαν
834 3054 996 3138 ε’ρετμοίς·

48 3156 77 3219 ἐκ
92 3153 121 3221 δ’
140 3154 243 3235 εύνάς
259 3160 399 3243 ἔβαλον,
416 3163 499 3222 κατά
518 3155 554 3223 δὲ
569 3148 746 3240 πρυμνήσι’
764 3155 900 3236 ἔδησαν*

47 3253 77 3316 έκ
92 3253 125 3320 δὲ
140 3256 196 3322 καί
211 3252 317 3321 αύτοδ
324 3260 445 3340 βαῖνον
460 3255 514 3321 ἐπί
529 3256 663 3339 ῥηγμῖνι
678 3249 862 3334 θαλάσσης,

48 3352 174 3422 δεῖπνόν
188 3351 215 3421 τ’
233 3353 416 3420 ἐντύνοντο
433 3351 584 3440 κερῶντό
599 3377 634 3418 τε
651 3359 778 3418 αἴθοπα
795 3347 898 3416 οἶνον.
942 3361 996 3416 500

50 3446 142 3536 ιύτδρ
158 3454 230 3523 ἐπεὶ
246 3451 365 3530 πόσιος
379 3453 436 3518 καὶ
453 3452 590 3537 ἐδητύος
605 3454 636 3528 ἐξ
652 3455 730 3534 ἔρον
745 3450 830 3530 ἕντο,
