2452 3910
183 221 243 288 136
487 222 779 282 ΟΔΤΣΣΕΙΑΣ
805 224 831 280 1.

182 381 334 470 εὕρομεν,
355 379 424 452 ἀλλ’
444 380 583 468 ἐνόμευε
601 376 708 468 νρμόν
727 379 811 447 κάτα
830 385 929 448 πίονα
947 387 1045 469 μηλκ.
1207 451 1208 454 ,

181 483 338 562 ἐλθόντες
358 479 388 548 δ’
411 487 456 560 είς
476 479 600 563 ἀντρον
620 477 834 566 ἐθηεύμεσθα
854 480 991 547 ἕκαστα·
1207 479 1208 552 ί

182 583 298 668 ταρσοὶ
316 585 377 668 μὲν
396 588 509 667 τυρῶν
527 586 661 675 βρῖθον,
683 585 850 646 στείνοντο
871 580 907 648 δὲ
926 579 1021 664 σηκοὶ
1207 571 1208 582 ’

182 679 295 766 ἀρνοόν
313 677 369 766 ἠδ’
392 681 530 765 ἐρίφων·
553 680 799 764 διακεκριμέναι
818 676 854 744 δέ
873 677 1008 744 ἕκασται
1086 691 1142 744 22σ
1208 749 1209 770 ἢ

184 786 310 867 ἔρχατο,
329 781 427 863 χωρίς
445 781 506 864 μὲν
525 776 697 862 πρόγονοι,
716 779 814 862 χωρίς
833 776 868 843 δὲ
887 779 1057 863 μέτασσαι,

182 879 281 966 χωρὶς
301 876 331 943 δ’
353 869 429 944 αὖθ’
451 877 559 960 ἕρσαι·
581 889 677 942 ναῖον
697 872 730 942 δ’
751 871 820 964 όρηί
840 873 942 961 ὄγγεα
962 871 1081 959 πάντα,
1209 928 1210 960 ,

182 981 304 1064 γαυλοί
319 1002 354 1043 τε
374 979 531 1060 σκαφίδες
549 1000 595 1060 τε,
615 975 806 1060 τετυγμένα,
826 986 895 1052 τοῖς
913 971 1104 1057 ἐνάμελγεν.

182 1073 252 1144 ἔνθ’
273 1075 328 1162 ἐμὲ
346 1073 408 1160 μὲν
427 1071 586 1158 πρώτισθ’
607 1074 717 1160 ἔταροι
736 1069 876 1139 λίσσοντ’
898 1072 1048 1138 ἐπέεσσιν

184 1182 296 1262 τυρῶν
316 1176 516 1261 αἰνυμένους
536 1175 621 1242 ἰέναι
640 1171 752 1257 πάλιν,
773 1167 878 1256 αάτάρ
900 1176 1010 1238 ἔπειτα
1085 1185 1136 1237 225
1210 1182 1211 1200 ’

183 1279 395 1359 καρπαλίμως
413 1274 465 1340 ἐπὶ
484 1281 548 1359 νῆα
567 1270 657 1358 θοὴν
677 1275 812 1356 ἐρίφους
831 1297 866 1337 τε
885 1271 940 1339 καὶ
958 1268 1063 1355 ὄρυας

184 1379 296 1458 σηκῶν
315 1369 528 1451 ἐξελάσαντας
548 1375 695 1440 ἐπιπλεῖν
715 1368 866 1456 ἁλμυρόν
884 1370 993 1456 ὕδωρ·
1211 1441 1212 1448 ,

184 1469 252 1540 ἀλλ’
273 1468 337 1556 ἐγω
359 1467 401 1538 οὐ
420 1470 572 1558 πιθόμην
590 1512 610 1522 -
627 1463 650 1558 ἦ
670 1469 701 1538 τ’
721 1465 764 1538 ἀν
780 1468 867 1538 πολύ
886 1471 1020 1554 κέρδιον
1038 1461 1100 1556 ἦεν
1120 1508 1137 1525 -
1211 1525 1212 1530 ,

183 1567 258 1656 ὄφρ’
280 1567 384 1637 αὐτόν
403 1595 437 1637 τε
457 1574 569 1656 ίδοιμι,
590 1571 645 1636 καὶ
665 1579 696 1638 εί
712 1595 768 1655 μοι
788 1575 888 1649 ξείνια
908 1573 991 1654 δοίη.
1084 1582 1140 1638 229

184 1665 260 1736 οὐδ’
280 1665 330 1754 ἀρ’
351 1665 453 1752 ἔμελλ’
475 1667 619 1752 ἑτάροισι
640 1670 755 1753 φανείς
775 1664 940 1754 ἐρατεινὸς
958 1672 1106 1734 ἔσεσθαι.
1212 1688 1213 1702 ’

225 1765 334 1834 Ἔνθα
355 1765 390 1833 δὲ
409 1771 476 1850 πῦρ
495 1765 635 1852 κηάντες
655 1765 825 1852 ἐθύσαμεν
842 1763 901 1852 ηδέ
920 1766 975 1833 καὶ
994 1762 1090 1832 αύτοὶ

184 1873 295 1953 τυρῶν
314 1865 489 1951 αίνύμενοι
508 1864 670 1952 φάγομεν,
691 1866 833 1952 μένομέν
852 1866 890 1933 τί
905 1891 963 1951 μιν
982 1870 1080 1933 ἔνδον
1213 1947 1214 1954 ¹

183 1963 316 2052 ἥμενοι,
337 1959 403 2044 εἷος
423 1967 549 2051 ἐπῆλθε
568 1967 694 2052 νέμων·
716 1969 796 2051 φέρε
816 1961 846 2032 δ’
869 1961 1011 2052 ὄβριμον
1029 1959 1138 2050 ὄχθος
1213 1977 1214 2004 ³

184 2062 266 2150 ὕλης
284 2061 430 2151 ἀζαλέης,
450 2068 505 2131 ἵνα
525 2067 560 2132 ol
576 2065 793 2153 ποτιδόρπιον
812 2073 871 2150 είη.

183 2167 344 2230 ἔντοσθεν
364 2159 398 2238 δ’Ι
417 2159 549 2250 ἀντροιο
569 2161 684 2250 βαλοδν
703 2160 896 2250 ὀρυμαγδὸν
916 2169 1052 2251 έθηκεν·
1084 2182 1141 2235 235

183 2258 274 2346 ἡμεῖς
294 2260 330 2328 δέ
350 2263 517 2340 δείσαντες
537 2258 741 2348 ἀπεσσόμεθ’
761 2264 794 2340 ές
812 2260 920 2350 μυχὸν
939 2261 1072 2348 ὄντρου,

183 2356 287 2444 αάτάρ
307 2356 355 2446 ὄγ’
376 2366 422 2440 είς
441 2356 524 2442 εὐρύ
543 2363 641 2439 σπέος
659 2359 762 2446 ἤλασε
781 2365 880 2428 πίονα
899 2368 997 2448 μῆλα,

182 2458 290 2527 πάντα
305 2455 381 2545 μάλ’
391 2453 460 2526 ὄσό
473 2456 604 2546 ἤμελγε,
622 2456 662 2527 τά
681 2457 711 2527 δ’
725 2459 849 2544 ἀρσενα
865 2470 955 2529 λεῖπε
970 2459 1141 2550 θύρηφιν,

182 2557 336 2647 ἀρνειούς
354 2585 389 2626 τε
409 2559 553 2646 τράγους
572 2585 617 2646 τε,
637 2566 776 2646 βαθείης
795 2566 934 2629 ἔκτοθεν
953 2558 1066 2647 αὐλῆς.

182 2656 286 2741 αὐτὰρ
307 2656 403 2726 ἔπειτ’
423 2659 567 2744 ἐπέθηκε
586 2655 717 2745 θυρεόν
736 2661 840 2744 μέγαν
858 2655 955 2739 ὑψόό
976 2657 1100 2746 ἀείρας,

181 2759 336 2846 ὄβριμον·
358 2755 420 2824 ούκ
440 2751 483 2822 ἀν
501 2757 599 2841 τόνγε
619 2757 688 2824 δύω
709 2757 764 2825 καὶ
783 2751 883 2824 είκοιί
902 2755 1022 2843 ἀμαξαι
1085 2775 1138 2826 221

180 2857 298 2926 ἐσθλαὶ
316 2853 531 2940 τετράκυκλοι
551 2851 604 2922 ἀπ’
626 2855 744 2937 οόδεος
763 2856 963 2944 ὀχλίσσειαν·

180 2956 305 3040 τόσσην
322 2951 482 3039 η’λίβατον
501 2957 624 3042 πέτρην
646 2959 789 3044 ἐπέθηκε
809 2958 965 3046 θύρησιν.

180 3053 331 3140 ἑζόμενος
350 3051 381 3119 δ’
398 3052 543 3142 ἤμελγεν
564 3051 614 3134 ὄϊς
634 3057 689 3124 καὶ
707 3055 858 3143 μηκάδας
876 3055 980 3142 αἶγας,

180 3154 288 3222 πάντα
306 3153 389 3222 κατὰ
409 3168 540 3240 μοῖραν,
560 3157 616 3223 καὶ
636 3151 688 3223 ὑπ’
710 3162 858 3243 ἔμβρυον
875 3147 958 3242 ἧκεν
977 3153 1111 3243 ἑκάστη.

180 3251 298 3320 αὐτίκα
317 3251 350 3320 δ’
369 3249 473 3340 ἥμισυ
493 3255 554 3340 μέν
573 3258 702 3338 θρέψας
721 3263 852 3324 λευκοῖο
870 3254 1033 3340 γάλακτος
1086 3270 1143 3325 226

79 3363 81 3368 ’
180 3360 330 3429 πλεκτοῖς
349 3354 386 3420 ἐν
404 3352 598 3437 ταλάροισιν
617 3351 827 3440 ἀμησάμενος
846 3355 1043 3440 κατέθηκεν,

179 3449 282 3537 ἥμισυ
302 3449 335 3520 δ’
356 3441 425 3520 αὖτ’
447 3457 583 3538 ἔστησεν
602 3455 639 3519 ἐν
658 3450 805 3539 ἀγγεσιυ,
826 3449 915 3537 ὄφρα
935 3454 967 3518 ol
986 3460 1036 3532 είη
