2452 3910
342 257 718 350 ονυεεετκενιο
957 289 1014 352 117

66 449 198 537 ἀνδρῶν
216 450 419 535 δυσμενέων,
437 453 467 516 εί
482 450 538 516 καί
551 447 640 538 μάλα
655 451 770 516 πολλοὶ
787 449 906 536 έταίροι

65 550 138 635 ἀγχι
153 561 359 636 παρασταῖεν
377 549 433 616 καὶ
449 551 634 628 τοξαζοίατο
652 554 782 634 φωτοῖν.

66 647 130 726 οἷος
147 647 191 734 δή
207 673 249 734 με
267 647 469 732 Φιλοκτήτης
483 644 683 714 ἀπεκαίοντο
702 646 786 735 τόξῳ

66 745 155 833 δήμῳ
170 750 224 814 έυι
243 744 381 833 Τροόων,
398 743 453 813 ὅτε
468 742 667 831 τοξαζοίμεθ’
682 741 811 831 Ἀχαιοί.
963 763 1015 816 22⁰

65 854 127 912 τῶν
144 841 176 912 δ’
195 842 310 912 ἀλλων
327 845 386 929 ἐμέ
399 868 484 930 φημι
500 841 586 912 πολύ
604 846 870 931 προφερέστερον
886 843 979 932 εἶναι,

65 941 155 1011 ὅσσοι
171 950 241 1010 νῦν
258 948 375 1030 βροτοί
392 948 477 1010 είσιν
490 945 543 1010 ἐπὶ
559 945 658 1028 χθονὶ
673 956 765 1012 σίτου
782 947 920 1023 ἔδοντες.

63 1039 204 1125 ἀνδράσι
222 1039 259 1108 δέ
275 1043 485 1128 προτέροισιν
500 1043 643 1128 ἐριζέμεν
661 1041 724 1112 οὐκ
741 1043 900 1131 ἐθελήσω,

65 1139 134 1207 οὔθ’
147 1138 313 1228 Ἡρακλῆι
327 1135 402 1230 οὔτ’,
413 1133 556 1229 Εύρύτῳ
575 1146 734 1228 Οἰχαλιήι,

64 1243 93 1304 οἵ
106 1241 147 1323 §a
164 1239 224 1305 καὶ
238 1235 460 1306 ἀθανάτοισιν
475 1242 641 1324 ἐρίζεσκον
658 1243 732 1328 περὶ
748 1241 862 1322 τόξων.
960 1258 1013 1312 λλε

63 1343 102 1420 τῷ
115 1339 157 1423 ῥα
174 1337 233 1404 καὶ
249 1333 314 1413 αἶψ’
329 1339 452 1404 ἔθανεν
465 1342 566 1424 μέγας
581 1337 742 1426 Εὔρυτος,
761 1335 834 1409 οὐδ’
846 1341 898 1410 ἐπὶ
908 1347 1009 1427 γήρας

63 1432 132 1502 ἵκετ’
150 1435 204 1502 ἐνὶ
222 1433 410 1519 μεγάροισι·
430 1435 662 1522 χολωσάμενος
678 1435 743 1523 γάρ
757 1435 927 1506 Ἀπόλλων

62 1537 209 1618 ἔκτανεν,
230 1528 355 1600 οὕνεκά
371 1559 429 1620 μιν
445 1541 655 1619 προκαλίζετο
674 1537 873 1619 τοξάζεσθαι.

63 1635 152 1718 δουρὶ
168 1627 205 1700 δ’
222 1628 381 1712 ἀκοντίζω
398 1631 481 1700 ὅσον
497 1633 560 1702 οὐκ
577 1633 676 1713 ἀλλος
692 1662 740 1715 τις
756 1633 865 1726 όίστῳ.

62 1740 176 1800 οίοισιν
196 1734 343 1800 δείδοικα
359 1735 458 1799 ποσὶν
474 1732 521 1820 μή
536 1759 586 1812 τις
601 1759 640 1820 με
657 1737 808 1822 παρέλθῃ
962 1750 1011 1803 230

62 1829 234 1917 Φαιήκων·
261 1835 337 1916 λίην
352 1830 417 1914 γάρ
435 1826 602 1911 ἀεικελίως
619 1834 814 1920 ἐδαμάσθην

60 1929 206 2015 κύμασιν
221 1932 260 1997 ἐν
277 1937 420 2016 πολλοῖς,
437 1931 508 1998 ἐπεὶ
527 1928 568 1998 ού
587 1930 706 2019 κομιδή
723 1930 806 2000 κατά
824 1938 889 2018 νήα

62 2020 113 2112 ἦεν
129 2028 330 2114 ἐπηετανός
353 2036 401 2116 τῷ
416 2054 473 2114 μοι
490 2035 570 2114 φίλα
587 2044 665 2114 γυῖα
682 2032 868 2099 λέλυνται.“

97 2123 157 2206 Ὣς
174 2123 289 2212 ἔφαθ’,
306 2130 339 2194 ol
355 2125 386 2193 δ’
400 2126 465 2211 ἀρα
476 2127 597 2206 πάντες
614 2125 700 2215 ἀκήν
718 2130 869 2214 ἐγένοντο
886 2137 1007 2218 σιωπή·

58 2219 219 2304 ’Λλκίνοος
237 2228 277 2292 δέ
290 2253 349 2312 μιν
364 2224 432 2304 οἷος
448 2225 664 2313 ἀμειβόμενος
681 2217 897 2314 προσέειπεν
958 2243 1008 2296 235

94 2323 215 2412 ,,,Ξείν’,
230 2327 301 2393 ἐπεὶ
312 2322 374 2392 ούκ
386 2321 544 2412 ἀχάριστα
555 2323 627 2412 μεθ’
640 2323 719 2412 ήμίν
728 2324 818 2393 ταῦτ’
829 2322 1008 2410 ἀγορεύεις,

59 2420 118 2492 ἀλλ’
136 2424 268 2502 ἐθέλεις
284 2419 407 2508 ἀρετήν
428 2422 491 2509 σήν
508 2426 679 2510 φαινέμεν,
697 2421 720 2510 ή
735 2416 787 2490 τοι
802 2418 928 2507 ὀπηδεῖ,

58 2522 220 2609 χωόμενος
237 2519 290 2588 ότι
307 2517 335 2587 ο)
354 2512 452 2599 οὗτος
469 2517 555 2607 ἀνήρ
572 2524 609 2589 έν
627 2519 731 2608 ἀγῶνι
748 2517 916 2606 παραστάς

58 2629 212 2708 νείκεσεν,
232 2618 277 2700 ὡς
294 2614 337 2687 ἀν
356 2616 419 2706 σήν
436 2616 559 2706 ἀρετήν
575 2617 694 2707 βροτός
711 2615 801 2696 ούτις
818 2614 929 2685 ὄνοιτο

59 2719 140 2800 ὅστις
158 2724 326 2788 ἐπίσταιτο
343 2709 401 2804 ήσι
419 2719 539 2802 φρεσὶν
550 2718 652 2803 Ιἀρτια
668 2717 795 2804 βάζειν·
955 2731 1007 2785 24⁰

59 2820 118 2889 ἀλλ’
136 2819 200 2907 άγε
218 2825 286 2887 νῦν
303 2819 425 2904 ἐμέθεν
442 2823 544 2898 ξυνίει
561 2823 649 2902 έπος,
667 2815 757 2902 όφρα
774 2817 829 2910 καὶ
845 2811 934 2903 ἀλλῳ

60 2928 141 3007 είτης
157 2911 294 3007 ήράωυ,
313 2913 370 2983 ὅτε
385 2940 445 2983 κεν
462 2927 532 2994 σοῖς
548 2917 585 2982 ἐν
603 2915 797 3001 μεγάροισιν

22 3059 24 3073 1
60 3020 171 3105 δαινύῃ
188 3013 280 3101 παρά
300 3022 342 3103 σή
359 3011 383 3080 τ’
403 3012 512 3104 ἀλόχῳ
529 3017 584 3082 καί
599 3027 685 3082 σοίσι
702 3016 860 3100 τέκεσσιν,

58 3115 208 3202 ἡμετέρης
224 3113 343 3201 ἀρετῆς
360 3118 578 3200 μεμνημένος,
598 3105 651 3179 οἷα
668 3105 818 3220 καλζήμῖν

58 3215 132 3294 Ζεύς
149 3215 204 3283 ἐπὶ
220 3217 302 3299 ἔργα
317 3219 432 3299 τίθησι
452 3211 628 3298 διαμπερὲς
644 3211 726 3290 ἐξέτι
744 3216 887 3296 πατρῶν.
952 3221 1003 3276 245

57 3312 91 3380 οά
106 3312 171 3400 γάρ
190 3311 358 3398 πυγμάχοι
377 3313 467 3397 είμέν
486 3307 654 3396 ἀμύμονες
670 3305 750 3376 οὐδὲ
767 3305 951 3391 παλαισταί,

56 3410 130 3481 ἀλλά
147 3412 229 3479 ποσὶ
246 3417 416 3491 κραιπνοῖς
432 3413 557 3496 θέομεν
573 3409 629 3476 καὶ
645 3406 765 3493 νηυσὶν
780 3401 919 3489 ἀριστοι,

56 3513 108 3580 aa!
126 3510 159 3580 δ’
178 3508 261 3598 ήμλν
278 3513 350 3589 δαίς
366 3535 401 3577 τε
419 3514 498 3595 φίλη
516 3511 648 3593 κίθαρίς
664 3528 700 3572 τε
715 3505 809 3588 χοροί
824 3523 858 3564 τε
