2452 3910
344 233 634 292 ΟΔΤΣΣΕΙΑΣ
655 235 725 292 VIII.
954 231 1012 296 113

71 395 216 482 Φαιήκων
235 397 269 463 οί
286 391 423 478 ἄριστοι,
445 387 514 460 ἐπεὶ
532 389 678 478 τέρποντ’
700 390 859 479 ἐπέεσσιν,

70 491 104 570 ἐν
118 489 278 572 Ὀδυσεύς
296 489 378 559 κατά
398 497 503 578 κρᾶτα
521 490 753 578 καλυψάμενος
770 493 945 578 γοάασκεν.

70 591 125 660 ἔνθ’
147 591 271 670 ἄλλους
290 595 351 676 μέν
369 591 494 668 πάντας
513 586 680 660 ἐλάνθανε
699 592 828 678 δάκρυα
847 601 976 680 λείβων,

68 688 222 769 ’λλκίνοος
241 690 278 758 δέ
297 717 355 776 μιν
374 687 442 766 οίος
461 685 658 776 ἐπεφράσατ’
678 689 729 778 ήδ
750 690 889 779 ἐνόησεν

68 789 177 875 ήμενος
195 786 263 874 ἄγχ’
287 786 401 874 αὐτοῦ,
421 785 509 874 βαρύ
525 789 560 856 δὲ
578 789 790 875 στενάχοντος
806 791 958 859 ἄκουσεν.
976 808 1010 861 9⁵

68 888 136 968 αἶψα
157 893 192 954 δὲ
214 886 395 973 Φαιήκεσσι
414 886 642 972 φιληρέτμοισι
659 889 805 976 μετηύδα

94 985 280 1072 ,,Κέκλντε,
301 983 459 1069 Φαιήκων
476 982 637 1070 ἡγήτορες
654 983 713 1072 ήδὲ
731 987 900 1072 μέδοντες·

64 1084 117 1171 ήδη
138 1086 202 1170 μὲν
223 1081 333 1160 δαιτὸς
350 1082 563 1169 κεκορήμεθα
580 1081 697 1170 θυμόν
719 1088 804 1171 ἐΐσης

64 1182 244 1269 φόρμιγγός
258 1177 304 1266 θ’,
321 1177 342 1266 ἢ
359 1183 443 1248 δαιτὶ
463 1181 629 1266 συνήορός
645 1178 714 1250 ἐστι
729 1189 863 1270 θαλείη·

63 1290 120 1350 νῦν
137 1279 166 1350 δ’
184 1280 375 1366 ἐξέλθωμεν
391 1281 446 1347 καλ
463 1277 599 1348 άέθλων
615 1287 829 1368 πειρηθῶμεν
961 1299 1010 1351 loo

61 1383 201 1467 πάντων,
223 1381 266 1460 οἷς
283 1378 308 1466 χ’
327 1378 345 1446 ὁ
362 1385 466 1458 ξεῖνος
483 1377 601 1465 ἐνίστη
618 1373 683 1447 οἷσι
700 1387 855 1464 φίλοισιν,

60 1485 166 1548 οίκαδε
184 1479 360 1564 νοστήσας,
380 1476 484 1544 ὅσσον
499 1475 744 1562 περιγιγνόμεθ’
765 1476 876 1544 άλλων

58 1581 116 1658 πύξ
133 1606 170 1647 τε
187 1577 444 1663 παλαισμοσύνης
460 1601 495 1643 τε
511 1577 566 1644 καὶ
582 1575 726 1660 ἅλμασιν
743 1573 801 1659 ἠδέ
818 1575 1011 1644 πόδεσσιν.“

96 1675 158 1756 Ὧς
176 1677 245 1759 ἄρα
267 1675 425 1762 φωνήσας
443 1671 600 1761 ἡγήσατο,
620 1676 677 1742 πολ
690 1671 721 1740 δ’
740 1671 792 1759 ἅμ’
811 1674 941 1741 ἕποντο.

58 1774 116 1844 εάδ
135 1773 167 1866 δ’
189 1779 227 1842 έκ
248 1773 439 1858 πασσαλόφι
457 1777 622 1858 κρέμασεν
642 1772 811 1858 φόρμιγγα
830 1779 966 1859 λίγειαν,

58 1873 260 1961 Δημοδόκου
280 1871 310 1938 δ’
332 1875 385 1939 ἕλε
404 1886 494 1956 χείρα
513 1874 569 1938 καὶ
589 1879 704 1956 ἔξαγεν
723 1875 759 1938 ἐκ
778 1872 936 1958 μεγάροιο
961 1889 1011 1943 106

57 1977 172 2060 κῆρυξ·
194 1965 277 2058 ήρχε
297 1974 333 2039 δὲ
351 1979 398 2061 τῷ
417 1969 522 2056 αύτήν
541 1969 623 2038 ὁδόν
643 1969 747 2058 ήυπερ
768 1975 801 2038 σί
817 1971 912 2040 άλλσι

57 2070 216 2158 Φαιήκων
235 2073 271 2136 οί
287 2067 425 2156 ἄριστοι,
447 2066 566 2137 άέθλια
584 2073 840 2155 θαυμανέοντες.

57 2167 116 2253 βάν
134 2167 167 2237 δ’
182 2178 262 2254 ίμεν
277 2173 323 2246 είς
333 2165 471 2254 άγορήν,
489 2167 557 2254 ἅμα
573 2165 603 2236 δ’
617 2169 733 2236 ἕσπετο
745 2169 871 2248 πουλὺς
887 2167 1010 2254 ὅμιλος,

59 2275 179 2352 μυρίοι·
203 2262 251 2335 άν
265 2265 297 2335 δ’
313 2271 445 2334 ἵσταντο
461 2271 531 2335 νέοι
546 2274 666 2335 πολλοί
678 2293 713 2335 τε
728 2269 783 2336 καλ
802 2271 926 2336 ἐσθλοί.
962 2283 1012 2334 110

61 2360 137 2451 όρτο
158 2368 225 2452 μέν
241 2363 424 2449 Ἀκρόνεάς
442 2391 477 2432 τε
495 2367 551 2434 καὶ
566 2364 728 2446 ’ίδιιύαλος
743 2369 798 2435 καλ
812 2363 985 2450 Ἐλατρεύς

61 2464 211 2543 Ναυτεύς
225 2489 262 2530 τε
277 2463 457 2550 Πρυμνεύς
473 2489 508 2532 τε
523 2465 578 2532 καὶ
593 2463 761 2550 Ἀγχίαλος
776 2469 831 2532 καὶ
844 2461 1012 2549 Ἐρετμεύς

58 2563 206 2642 Ποντεύς
224 2589 260 2630 τε
278 2564 442 2652 Πρωρεύς
459 2589 504 2648 τε,
525 2563 633 2645 Θόων,
652 2561 890 2650 Ἀναβησίνεώς
908 2587 942 2628 τε

54 2659 233 2750 Ἀμφίαλός
252 2658 297 2747 θ’,
317 2659 390 2740 υίὸς
407 2661 590 2748 Πολυνήου
612 2665 826 2729 Τεκτονίδαο·

56 2755 96 2826 ἐν
115 2759 151 2827 δὲ
171 2761 230 2826 καί
249 2757 437 2846 Εὐρύαλος,
453 2767 658 2848 βροτολοιγῷ
676 2759 863 2846 ίσοςἈρηί,
962 2778 1012 2828 115

57 2862 272 2945 Ναυβολίδης
290 2855 335 2942 θ’,
356 2855 393 2938 ὃς
411 2857 544 2944 άριστος
562 2865 621 2946 ἔην
639 2857 726 2938 εἶδός
744 2885 780 2926 τε
799 2861 898 2944 δέμας
916 2885 951 2925 τε

57 2957 194 3025 πάντων
212 2957 373 3043 Φαιήκων
391 2955 456 3044 μετ’
477 2956 632 3045 άμύμουα
650 2957 881 3044 Λαοδάμαντα.

57 3049 97 3121 άν
117 3059 151 3122 δ’
171 3061 273 3122 ἔσταν
290 3070 378 3138 τρεῖς
396 3061 509 3136 παῖδες
527 3055 698 3142 άμύμονος
713 3053 905 3140 Ἀλκινόοιο,

57 3153 238 3240 Λαοδάμας
256 3151 289 3222 θ’
301 3153 412 3233 ’Ἀλιός
430 3180 465 3222 τε
484 3157 539 3223 καί
557 3153 711 3234 άντίθεος
730 3156 937 3242 Κλυτόνηος·

56 3256 87 3318 οί
105 3249 137 3318 δ’
158 3249 236 3339 ήτοι
255 3259 387 3338 πρῶτον
406 3253 467 3339 μὲν
485 3255 702 3342 ἐπειρήσαντο
722 3255 888 3324 πόδεσσιν.
962 3269 1015 3323 Ην

55 3362 137 3418 τοῖσι
154 3346 189 3417 δ’
209 3347 275 3418 άπὸ
292 3351 418 3439 νύσσης
432 3357 544 3422 τέτατο
560 3352 697 3442 δρόμος·
715 3357 749 3422 οί
763 3352 794 3422 δ’
808 3353 876 3439 άμα
891 3353 1014 3435 πάντες

55 3455 273 3537 καρπαλίμως
290 3455 445 3521 ἐπέτοντο
464 3457 633 3534 κονίοντες
650 3458 785 3522 πεδίοιο.

94 3547 210 3600 Homeri
233 3546 366 3615 Odyssea.
549 3587 557 3596 .
792 3549 811 3602 8
