2392 3914
200 205 262 270 804
503 212 795 270 ΟΔΤΣΣΕΙΑΣ
822 215 852 270 Τ.

200 373 286 437 ἔνθα
302 370 357 436 καὶ
371 367 490 456 ήματίη
505 369 566 455 μὲν
582 367 788 456 ὑφαίνεσκον
801 373 906 456 μέγαν
921 369 1027 457 ίστὸν,

201 467 324 545 νύκτας
339 465 371 535 δ’
389 466 590 554 ἀλλύεσκον,
607 471 677 537 ἐπεὶ
691 474 807 548 δαΐδας
821 475 1043 557 παραθείμην.
1096 487 1136 538 151

203 562 247 643 τός
263 573 385 648 τρίετες
399 566 460 652 μὲν
475 571 600 653 ἔληθον
614 565 680 652 έγοδ
696 568 753 636 καλ
768 571 906 636 ἔπειθον
916 565 1063 653 Ἀχαιούς

202 661 271 733 ἀλλ’
287 663 343 732 ὅτε
356 666 514 752 τέτρατον
528 658 636 752 ήλθεν
650 671 722 745 έτος
737 666 793 734 καλ
807 666 980 754 ἐπήλυθον
996 659 1085 753 ω’ρυι,

203 769 331 849 [μηνῶν
347 764 560 851 φθινόντων,
577 765 653 847 περὶ
669 762 700 832 δ’
718 762 827 850 ἤματα
843 763 935 832 πόλλ’
952 765 1120 851 ἐτελέσθη]

201 863 257 930 καὶ
273 862 347 932 τότε
363 865 404 950 δή
420 889 461 948 με
476 862 530 932 διά
546 861 674 950 δμωάς,
690 863 796 942 κύνας
810 861 874 932 ούιι
889 860 1080 949 ἀλεγούσας,

202 956 292 1032 εἷλον
307 963 504 1042 ἐπελθόντες
519 965 574 1031 καὶ
585 960 776 1049 ὁμόκλησαν
785 965 946 1030 ἐπέεσσιν.
1096 980 1136 1030 155

202 1057 247 1150 σός
261 1059 298 1128 τὰ
311 1061 373 1145 μὲν
388 1063 591 1146 ἐξετέλεσσα,
607 1063 663 1128 καλ
677 1059 740 1130 ούκ
751 1057 911 1148 ἐθίλουύ,
929 1057 983 1130 ὑπ’
996 1059 1139 1148 ἀνάγκης·

201 1163 267 1224 νῦν
283 1156 315 1225 δ’
326 1155 393 1226 οὔτ’
408 1162 584 1245 ἐκφυγέειν
598 1160 744 1246 δύναμαι
758 1160 868 1247 γάμον
880 1159 958 1230 οὔτε
971 1158 1030 1229 τιύ
1050 1158 1139 1245 ἀλλην

201 1264 299 1342 μήτιν
314 1254 369 1324 ἔθ’
384 1257 541 1340 εὑρίσκω·
557 1258 644 1343 μάλα
660 1256 692 1325 δ’
711 1256 891 1343 ὀτρύνουσι
906 1267 1022 1346 τοκῆες

201 1353 362 1442 γήμασθ’,
379 1353 528 1445 ἀσχαλάᾳ
542 1357 578 1425 δὲ
594 1357 671 1437 πάις
685 1363 798 1444 βίοτον
811 1356 1030 1445 κατεδόντων,

201 1455 414 1540 γνγνοόσκωυ·
427 1454 492 1542 ἤδη
508 1453 572 1541 γάρ
588 1453 676 1542 ἀνήρ
689 1449 760 1535 οἷός
772 1468 808 1522 τε
823 1455 965 1541 μάλιστα
1100 1470 1139 1522 151

201 1562 297 1621 ολιιον
311 1553 490 1641 κήδεσθαι,
506 1561 589 1643 τρίτα
603 1552 689 1634 Ζεύς
702 1557 805 1634 κῦδος
817 1550 939 1634 ὀπάζει.

200 1650 283 1721 ἀλλά
299 1655 356 1722 καὶ
371 1652 417 1733 άς
430 1679 486 1740 μοι
499 1653 569 1722 εἰπὲ
584 1651 661 1722 τεόν
674 1653 787 1738 γένος,
802 1649 957 1721 ὁππόθεν
970 1653 1057 1720 ἐστι’·

148 1791 154 1802 x
200 1750 242 1818 ού
255 1752 319 1836 γάρ
335 1750 401 1820 άπδ
414 1751 516 1836 δρυός
529 1755 600 1820 ἐσσι
609 1751 820 1837 παλαιφάτου
830 1747 905 1818 οὐδ’
917 1747 983 1820 ἀπὸ
999 1752 1139 1836 πέτρης.“

247 1847 317 1935 Τήν
333 1848 366 1916 δ’
387 1848 651 1937 ἀπαμειβόμενος
669 1853 819 1938 προσέφη
841 1848 1022 1936 πολύμητις
1035 1847 1140 1918 Ὀδυσ-

693 1948 771 2028 σεύς

199 2041 252 2138 ,,ύ
266 2051 367 2136 γύναι
382 2053 490 2136 αἰδοίη
505 2046 714 2132 Λαερτιάδεω
727 2046 893 2134 Ὀδυσῆος,
1040 2036 1049 2046 ’
1100 2059 1141 2112 165

198 2147 301 2218 οὐκέτ’
320 2147 512 2234 ἀπολλήξεις
527 2147 588 2216 τόν
602 2144 683 2234 ἐμόν
696 2147 800 2233 γόνον
814 2147 1004 2230 ἐξερέουσας

197 2246 266 2318 ἀλλ’
282 2255 319 2318 ἔκ
336 2274 388 2316 τοι
400 2249 496 2332 ἐρέω·
512 2239 535 2333 ή
548 2251 610 2334 μέν
625 2243 654 2331 μ’
674 2243 806 2331 ἀχέεσσί
819 2271 857 2330 γε
871 2243 989 2322 θύσεις

197 2353 347 2416 πλείοσιν
360 2341 383 2432 ή
399 2352 527 2432 ἔχομαι·
541 2343 640 2432 ήγάρ
657 2349 747 2432 δίκη,
765 2341 890 2412 ὁππότε
904 2343 1032 2428 πάτρης

199 2437 239 2531 ής
254 2443 395 2532 άπέησιν
409 2439 496 2531 ἀνὴρ
510 2444 634 2512 τόσσον
650 2443 774 2528 χρόνον
787 2441 892 2514 ὅσσον
905 2439 968 2528 by&
988 2448 1064 2528 νῦν,

196 2543 304 2612 πολλὰ
318 2551 449 2628 βροτῶν
463 2547 516 2612 ἐπὶ
531 2541 617 2612 άστέ
632 2541 818 2628 ἀλώμενος,
848 2539 951 2626 άλγεα
966 2539 1112 2628 πάσχων.

197 2640 281 2709 ἀλλά
295 2642 350 2707 παλ
365 2637 409 2718 ἀς
423 2642 504 2726 ἐρέω
519 2639 540 2708 ό
553 2637 586 2726 μ’
601 2639 746 2726 ἀνείρεαι
758 2637 816 2727 ’ήδδ
830 2647 1001 2730 μεταλλᾷς.
1098 2652 1138 2707 111

196 2739 310 2824 Κρήτη
324 2763 373 2814 τις
387 2736 454 2821 γαῖ’
470 2742 556 2823 ἔστι,
571 2741 660 2828 μέσῳ
676 2741 726 2808 ἐνὶ
740 2749 851 2809 οίνοπι
866 2737 990 2828 πόντῳ,

196 2833 280 2920 καλή
296 2835 352 2900 καὶ
366 2839 492 2919 πίειρα,
508 2842 720 2924 περίρρυτος·
736 2841 774 2906 ἐν
788 2835 819 2905 δ’
837 2837 1015 2920 ἅνθρωποι

196 2935 328 3016 πολλοὶ,
345 2931 540 3020 ἀπειρέσιοι,
555 2938 609 3006 καὶ
624 2937 807 3024 ἐννήκοντα
823 2937 954 3023 πόληες.

195 3031 278 3114 άλλη
294 3026 326 3095 δ’
340 3028 451 3098 ἀλλων
465 3040 599 3116 γλῶσσα
613 3042 809 3123 μεμιγμένη·
827 3039 865 3104 ἐν
879 3037 940 3122 μὲν
952 3036 1082 3124 Ἀχαιοὶ,
1098 3051 1141 3106 175

193 3132 231 3196 έν
247 3124 278 3192 δ’
294 3125 496 3214 Ἐτεόκρητες
511 3132 745 3220 μεγαλήτορες,
763 3137 799 3202 ἐν
816 3133 851 3204 δὲ
865 3133 1033 3224 Κύδωνες,

193 3227 339 3308 Δωριέες
353 3251 388 3292 τε
406 3228 568 3313 τριχάϊκες
582 3235 650 3298 δῖοί
659 3258 694 3298 τε
710 3239 886 3320 Πελασγοί.

192 3330 267 3410 ιη’σι
282 3319 314 3389 δ’
331 3322 379 3391 ἐνλ
393 3325 549 3413 Κνωσός,
563 3329 689 3416 μεγάλη
707 3331 819 3416 πόλις,
834 3337 919 3398 ἔνθα
935 3336 1104 3403 τελλίναις

194 3422 354 3507 έυνέωρος
367 3427 522 3509 βασίλευε
538 3425 621 3506 Διός
637 3428 783 3514 μεγάλου
798 3428 959 3513 ὀαριστύς,
