2392 3914
201 212 263 278 254
502 217 794 275 ΟΔΤΣΣΕΙΑΣ
818 217 860 274 Π.

200 382 246 464 τῶ
260 381 327 443 νῦν
343 378 520 462 δυσμενέες
533 373 622 460 μάλα
639 379 752 460 μυρίοι
769 371 831 442 ελσ’
852 375 901 444 ἐνί
918 383 1010 468 οέκῳ.
1090 388 1121 444 ul

200 473 295 542 ὅσσοι
312 475 376 562 γάρ
394 475 547 562 νήσοισιν
564 476 816 558 ἐπικρατέουσιν
831 472 970 561 άριστοι,

198 581 367 664 Δουλιχίῳ
384 601 420 642 τε
436 573 536 660 Σάμη
550 599 585 639 τε
602 574 658 640 καὶ
674 569 810 658 ὑλήεντι
829 571 1010 664 Ζακύνθῳ,

199 669 255 760 ἠδ’
273 671 368 742 ὅσσοι
386 671 536 761 κραναήν
550 669 686 757 Ἰθάκην
702 668 786 738 κάτα
802 675 1045 756 κοιρανέουσιν,

199 770 314 838 τόσσοι
329 768 436 858 μητέρ’
456 767 539 856 έμήν
555 777 722 856 μνῶνται,
738 767 899 854 τρύχουσι
917 770 952 838 δὲ
969 768 1068 838 οἶκον.
1091 781 1136 836 125·

183 865 220 955 ή
241 866 274 934 δ’
294 865 363 936 οὔτ’
383 865 530 956 άρνείται
549 865 714 954 στυγερόν
731 867 841 953 γάμον
860 866 938 935 οὔτε
956 877 1098 955 τελευτήν

200 975 334 1053 ποιήσαι
353 967 507 1036 δύναται·
526 968 577 1035 τοὶ
597 965 632 1033 δέ
651 964 887 1051 φθινύθουσιν
905 970 1037 1046 ἔδοντες

200 1063 294 1133 οίκον
313 1065 409 1153 ἐμόν·
428 1065 511 1152 τάχα
530 1065 572 1152 δή
590 1091 631 1152 με
651 1069 881 1152 διαρραίσουσι
899 1067 954 1132 καὶ
973 1061 1081 1132 αύτόν.

199 1162 266 1232 ἄλλ’
287 1163 361 1251 ήτοι
379 1164 441 1251 μέν
459 1172 563 1232 ταῦτα
581 1171 675 1232 θεῶν
692 1167 730 1232 ἐν
747 1164 890 1250 γούνασι
908 1178 1028 1232 κεῖται·

136 1250 156 1264 ’
199 1261 297 1351 άττα,
317 1261 362 1331 σύ
381 1260 412 1331 δ’
432 1268 524 1350 ἔρχεο
542 1271 692 1349 θᾶσσον,
711 1266 865 1350 ἐχέφρονι
882 1268 1086 1351 Πηνελοπείη
1096 1277 1129 1330 16

199 1357 261 1446 εἶφ’
283 1359 334 1429 ὅτι
352 1365 386 1430 oc
403 1369 470 1442 σῶς
488 1363 553 1449 είμλ
571 1364 626 1431 καὶ
645 1367 681 1432 ἐκ
699 1363 819 1431 Πύλου
838 1363 1029 1450 εἰλήλουθα

198 1457 306 1547 αὐτάρ
325 1460 413 1547 ἐγῶν
431 1459 536 1530 αὐτοῦ
554 1464 676 1548 μενέω,
697 1459 740 1530 σύ
761 1460 796 1530 δὲ
816 1466 916 1546 δεῦρο
936 1465 1082 1546 νέεσθαι,

199 1568 252 1647 οἴη
271 1556 485 1647 ἀπαγγείλας·
505 1569 573 1629 τῶν
593 1559 624 1629 δ’
646 1560 758 1630 ἄλλων
776 1560 870 1647 μήτις
884 1558 1023 1646 Ἀχαιῶν

197 1663 395 1728 πευθέσθω·
416 1663 532 1729 πολλοὶ
550 1659 707 1748 γάρέμοὶ
725 1660 812 1728 κακά
830 1659 1092 1746 μηχανόωνται.“

243 1755 312 1826 Τδν
331 1756 362 1826 δ’
381 1758 645 1845 ἀπαμειβόμενος
663 1761 849 1845 προσέφης,
868 1757 998 1846 Εύμαιε
1005 1764 1132 1845 συβῶτα,

196 1856 407 1944 ,,γιγνω’σκω,
426 1861 574 1944 φρονέω·
593 1857 674 1944 τάγε
693 1855 733 1944 δή
753 1861 883 1926 νοέοντι
900 1855 1054 1936 κελεύεις.
1097 1867 1132 1924 136

195 1952 264 2023 ἄλλ’
284 1954 345 2041 άγε
364 1982 420 2043 μοι
438 1955 516 2023 τόδε
536 1959 605 2024 είπδ
624 1957 679 2024 καὶ
698 1953 859 2042 άτρεκέως
877 1955 1066 2040 κατάλεξον,

193 2045 217 2138 ἦ
236 2051 290 2122 aaz
308 2055 439 2141 Λαέρτη
458 2051 565 2140 αὐτήν
584 2052 665 2123 ὁδὸν
683 2055 822 2140 ἅγγελος
841 2061 931 2122 ἔλθω

195 2147 401 2240 δυσμόρῳ,
390 2149 427 2231 ός
444 2157 537 2232 τείως
555 2155 617 2238 μέν
634 2153 812 2240 Ὀδυσσήος
829 2150 939 2275 μέγ”
918 2154 1048 2240 αχεύων

193 2246 318 2334 ἔργα
292 2276 311 2316 τ
338 2251 557 2319 ἐποπτεύεσκε
575 2250 657 2338 μετὰ
677 2253 797 2339 δμῶων
815 2280 834 2319 τ
833 2251 910 2320 ’ἐνὶ
929 2262 1011 2343 οίκῳ
1091 2267 1132 2320 λλλ

192 2361 268 2415 πῖνε
286 2349 341 2416 καὶ
359 2341 447 2436 ἦσθ’,
468 2348 523 2419 ὅτε
537 2351 648 2439 θυμὸς
666 2355 716 2421 ἐνὶ
735 2351 956 2440 στήθεσσιν’
935 2352 1074 2439 ανῶγοι

192 2444 297 2531 αύτάρ
317 2455 398 2536 νύν,
418 2451 450 2530 ἐξ
470 2475 512 2518 ον
500 2441 662 2537 Ησύγε
633 2476 716 2539 ῳχεο
736 2457 794 2539 νηί
809 2451 977 2538 Πύλονδε,

191 2542 285 2611 οὕτω
304 2553 362 2631 μέν
380 2567 485 2632 φασιν
499 2551 648 2636 φαγέμεν
666 2552 722 2619 καὶ
740 2553 856 2638 πιέμεν
875 2549 993 2635 αὕτως,

190 2640 268 2710 οὐδ’
287 2646 340 2712 ἐπὶ
359 2651 439 2732 ἔργα
458 2652 556 2734 ίδείν,
576 2645 660 2716 άλλά
681 2657 852 2771 στοναχῇ
842 2676 878 2716 τε
893 2648 963 2737 γόῳ
984 2675 1019 2716 τε

188 2734 286 2826 ήσται
305 2740 518 2862 ὀδυρόμενος,
539 2744 704 2829 φθινυθει
724 2745 793 2814 δ
772 2745 852 2834 αμφ’
872 2745 1008 2834 ὀστεόφι
1026 2754 1132 2835 χρως.ιζ

233 2835 304 2905 Τὸν
323 2837 353 2904 δ’
377 2865 420 2906 αν
408 2831 620 2928 Τηλέμαχος
636 2845 880 2932 πεπνυμένος’
860 2853 974 2916 αντίον
989 2847 1076 2936 ηύδοι
1091 2860 1132 2915 146

187 2935 347 3023 ,,άλγιον,
367 2935 434 3006 ἄλλ’
456 2943 559 3061 ἔμπης
577 2969 635 3028 μιν
654 2942 851 3065 ἐάσφμεν,’
831 2943 1013 3031 αχνύμενοί
1029 2970 1102 3028 περ·

188 3034 299 3122 είγάρ
319 3059 389 3116 πως
407 3048 457 3125 εἴη
478 3036 661 3127 αὐτάγρετα
680 3041 789 3110 πάντα
808 3050 1011 3131 βροτοῖσιν,

186 3131 320 3216 πρῶτόν
338 3161 399 3202 κεν
416 3145 478 3204 τού
496 3137 620 3226 πατρός
638 3142 794 3228 ἑλοίμεθα
814 3142 974 3263 νόστιμον
990 3133 1088 3260 ήμμρ.
1162 3175 1163 3226 3

185 3226 269 3296 άλλά
289 3229 360 3317 σύγ’
381 3232 565 3320 άγγείλας’
548 3263 592 3305 οτι
592 3243 652 3306 ίσω
668 3245 736 3325 κίε,
756 3241 839 3360 μηδὲ
854 3237 921 3308 κατ’
944 3236 1069 3327 άγρούς
1090 3255 1134 3307 15⁰

184 3327 377 3412 πλάζεσθαι
387 3330 452 3416 μετ’
474 3335 656 3402 ἐκεῖνον’
637 3336 720 3426 ατὰρ
740 3337 826 3424 πρὸς
844 3340 968 3459 μητέρα
988 3343 1090 3408 εἰπεῖν
1162 3407 1163 3426 2

185 3421 376 3508 άμφίπολον
394 3436 512 3516 ταμίην
531 3429 754 3522 ὀτρυνέμεν”
734 3463 803 3506 οττι
822 3439 957 3525 τάχιστα
