2492 3922
384 258 676 322 ΟΔΤΣΣΕΙΑΣ
702 263 748 320 Ν.

85 426 228 507 ίδμεναι,
245 415 324 486 οὐδὲ
339 421 459 505 δαῆναι
473 415 555 504 ἐμόν
569 419 665 488 νόον·
681 419 763 490 οάδέ
774 426 813 492 σέ
825 449 909 511 φημι

85 518 147 606 δήν
161 517 334 586 ἄκλαυτον
347 522 494 604 ἔσεσθαι,
509 515 591 605 ἐπήν
606 511 644 586 εὖ
658 520 768 590 πάντα
782 521 920 609 πύθηαι.

9 603 11 652 ³
85 621 203 687 πολλοὶ
217 619 280 704 μὲν
293 614 359 702 γάρ
372 625 479 702 τῶνγε
493 615 607 702 δάμεν,
622 619 740 687 πολλοὶ
754 621 790 690 δὲ
805 626 957 690 λίποντο·
991 638 1041 694 495

84 717 179 804 ἀρχοὶ
194 715 228 784 δ’
245 709 289 784 αὖ
305 715 367 782 δόο
382 722 503 800 μοῦνοι
514 713 652 801 Ἀχαιτόν
665 718 916 804 χαλκοχιτώνων

86 820 121 884 έν
133 814 246 904 νόστῳ
262 811 441 882 ἀπόλοντο·
456 814 544 902 μάχῃ
559 819 597 882 δέ
609 841 643 884 τε
657 819 713 884 καὶ
726 814 770 884 σύ
784 827 951 906 παρῆσθα.

87 911 132 994 εἷς
146 913 179 982 δ’
194 919 245 982 ἔτι
259 940 327 980 που
341 910 422 994 ζωός
435 913 650 998 κατερύκεται
664 911 755 1001 εὐρέϊ
766 916 889 1008 πόντῳ.

89 1024 170 1092 Αἴας
183 1011 342 1099 μὲνμετὰ
357 1015 456 1098 νηυσὶ
470 1013 558 1101 δάμη
574 1017 863 1100 δολιχηρέτμοισιν.

88 1119 236 1201 Γυρῇσίν
250 1139 309 1197 μιν
322 1118 436 1194 πρῶτα
449 1112 646 1180 Ποσειδάων
659 1115 838 1182 ἐπέλασσεν
990 1134 1041 1186 500

9 1267 11 1304 ,
87 1217 245 1299 πέτρῃσιν
258 1210 430 1298 μεγάλῃσι,
445 1211 500 1280 καὶ
514 1211 674 1292 ἐξεσάωσε
687 1213 875 1302 θαλάσσης·

9 1349 11 1402 η
88 1319 140 1379 καί
154 1310 200 1378 νά
217 1336 279 1378 κεν
295 1316 418 1396 ἔκφυγε
445 1317 547 1397 κῆρα,
563 1313 618 1380 καὶ
633 1312 812 1398 ἐχθόμενός
828 1339 890 1400 περ
903 1313 1039 1403 Ἀθήνῃ,

9 1403 10 1444 ²
88 1415 115 1476 εί
127 1407 172 1496 μή
190 1407 403 1494 ὑπερφίαλον
418 1414 495 1488 ἔπος
512 1416 630 1496 ἔκβαλε
645 1413 700 1479 καὶ
717 1413 791 1497 μέγ’
805 1412 933 1499 ἀάσθη·

9 1579 10 1596 ,
89 1516 133 1594 φή
148 1505 180 1595 ρ’
201 1507 316 1594 ἀέκητι
331 1511 424 1576 θεῶν
440 1510 577 1595 φυγέειν
595 1511 678 1596 μέγα
691 1520 810 1597 λαῖτμα
824 1512 1005 1600 θαλάσσης.

9 1617 10 1642 ·
91 1616 143 1676 τοῦ
160 1610 197 1676 δὲ
215 1607 413 1682 Ποσειδάων
427 1606 542 1694 μεγάλ’
561 1614 680 1678 ἔκλυεν
696 1607 916 1694 αὐδήσαντος·
990 1629 1040 1680 505

88 1704 192 1775 αὐτίκ’
214 1713 328 1774 ἔπειτα
343 1713 495 1791 τρίαιναν
510 1709 596 1776 ἑλών
611 1709 703 1794 χερσὶ
720 1714 914 1796 στιβαρῇσιν

9 1799 10 1820 ³
89 1805 183 1892 ήλασε
200 1811 355 1892 Γυραίην
371 1809 504 1894 πέτρην,
522 1804 586 1874 ἀπό
605 1804 636 1874 δ’
653 1812 782 1893 ἔσχισεν
797 1804 917 1894 αὐτήν·

85 1907 135 1973 καὶ
149 1903 188 1972 τό
209 1902 273 1990 μὲν
289 1903 412 1972 αὐτόθι
428 1919 530 1991 μεῖνε,
546 1902 583 1972 τό
602 1906 637 1974 δὲ
647 1904 774 1992 τρύφος
786 1911 903 1994 ἔμπεσε
916 1906 1039 1998 πόντφ,

84 2013 126 2096 τῷ
140 2003 174 2093 ῥ’
192 2014 281 2083 Αἴας
296 2004 335 2082 τό,
350 2011 484 2088 πρῶτον
500 2004 697 2091 ἐφεζόμενος
712 2003 786 2091 μέγ’
804 2002 932 2092 ἀάσθη·

85 2105 139 2172 τόν
155 2102 189 2172 δ’
209 2103 326 2190 ἐφόρει
341 2104 424 2171 κατὰ
440 2103 567 2172 πόντον
580 2101 740 2190 ἀπείρονα
755 2110 968 2191 κυμαίνοντα.
989 2123 1040 2176 510

83 2203 136 2290 [εἲς
150 2201 169 2274 ὁ
185 2205 251 2291 μὲν
270 2202 345 2272 ἕνθ’
364 2201 548 2289 ἀπόλωλεν,
562 2204 631 2272 ἐπεὶ
646 2209 721 2272 πίεν
737 2201 888 2290 ἁλμυρόν
903 2201 1017 2291 ὕδωρ]

83 2303 138 2384 σός
153 2309 195 2372 δέ
209 2330 279 2372 που
295 2309 418 2390 ἔκφυγε
445 2311 548 2390 κήρας
563 2299 723 2387 ἀδελφεός
739 2299 794 2389 ἡδ’
810 2298 978 2382 ὑπάλυξεν

83 2408 117 2472 ἐν
129 2405 235 2490 νηυσὶ
251 2411 456 2491 γλαφυρῇσι·
475 2402 584 2468 σάωσε
601 2402 636 2470 δὲ
652 2399 769 2469 πότνια
778 2399 874 2488 Ἤρη.

83 2500 153 2571 ἀλλ’
172 2501 231 2570 ὅτε
247 2500 288 2588 δή
304 2500 376 2588 τάχ’
396 2507 508 2588 ἔμελλε
524 2498 707 2568 Μαλειάων
724 2497 802 2586 ὄρος
821 2500 902 2568 αἰπὺ

82 2606 225 2686 ἵξεσθαι,
239 2599 313 2668 τότε
328 2601 370 2688 δή
386 2627 444 2688 μιν
457 2598 673 2688 ἀναρπάξασα
688 2599 816 2667 θύελλα
989 2616 1039 2668 515

82 2699 210 2768 πόντον
222 2699 278 2768 ἐπ’
295 2698 472 2786 ίχθυόεντα
488 2701 590 2786 φέρεν
604 2699 730 2786 μεγάλα
744 2698 954 2785 στενάχοντα,

84 2797 190 2884 ἀγροῦ
206 2796 258 2864 ἐπ’
277 2796 440 2885 ἐσχατιήν,
457 2797 516 2866 όθι
534 2798 668 2884 δόματα
683 2812 755 2866 ναῖε
773 2802 918 2898 Θυέστης

85 2896 118 2964 τό
136 2901 230 2982 πρὶν,
246 2895 330 2984 ἀτάρ
344 2896 412 2966 τότ’
429 2904 517 2966 ἔναιε
533 2898 735 2984 Θυεστιάδης
750 2907 922 2985 Αἴγισθος.

84 2993 156 3063 ἀλλ’
178 2997 235 3063 ὅτε
252 2992 293 3082 δή
309 3001 365 3063 καὶ
379 3008 493 3066 κεῦθεν
506 2999 659 3084 ἐφαίνετο
673 2996 791 3076 νόστος
806 2995 958 3084 ἀπήμων,

83 3089 128 3173 ἀφ
145 3096 183 3163 δὲ
198 3098 276 3162 θεοὶ
290 3087 395 3180 οὖρον
411 3099 568 3183 στρέψαν,
584 3097 640 3164 καὶ
654 3093 762 3164 οἴκαδ’
778 3098 901 3173 ἵκοντο,
988 3116 1039 3168 52⁰

83 3190 155 3278 ήτοι
170 3189 188 3261 ό
203 3195 268 3280 μέν
281 3201 406 3280 χαίρων
420 3196 598 3284 ἐπεβήσετο
614 3199 770 3281 πατρίδος
784 3203 867 3281 αἴης,

83 3295 134 3358 καὶ
151 3291 250 3359 κόνει
264 3289 447 3380 ἀπτόμενος
463 3291 507 3380 ἢν
520 3299 675 3376 πατρίδα·
690 3291 796 3363 πολλὰ
811 3291 842 3362 δ’
860 3292 918 3362 ἀπ’
934 3293 1038 3364 αὐτοῦ

83 3389 213 3478 δάκρυα
227 3389 338 3478 θερμά
353 3391 474 3480 χέοντ’,
494 3393 563 3462 ἐπεὶ
580 3391 749 3472 ἀσπασίως
763 3397 813 3462 ἴδε
826 3407 935 3477 γαῖαν.

84 3488 139 3557 τόν
157 3488 188 3556 δ’
207 3485 265 3574 ἄρ’
280 3487 345 3558 ἀπὸ
362 3498 501 3578 σκοπιῆς
516 3489 580 3559 εἶδε
595 3489 730 3578 σκοπός,
747 3488 789 3558 όν
802 3494 844 3573 ῥα
858 3503 1016 3560 καθεῖσεν
