2396 3914
313 229 606 313 οΛυειΣωιΛε
629 249 704 310 μιν.
921 239 982 308 217

76 407 143 481 Τδν
160 409 194 480 δ’
209 408 473 497 ἀπαμειβόμενος
489 410 673 496 προσέφης,
691 406 820 496 Εὔμαιε
838 413 972 496 συβῶτα

41 505 140 594 ,,ξελυ’,
160 507 206 578 ού
218 536 276 596 μοι
285 509 382 595 θέμις
392 505 465 594 ἔστ’,
483 506 559 576 οὐδ’
577 513 608 576 εί
623 512 751 576 κακίων
761 503 863 575 σέθεν
878 513 983 592 ἐλδοι,

41 613 139 686 ξείνου
155 606 327 694 ἀτιμῆσαι·
346 604 430 692 πρός
444 604 510 692 γὰρ
527 607 611 686 Διός
628 612 712 675 είσιυ
731 604 875 686 ἅπαντες

41 710 132 782 ξεῖνοί
145 731 183 773 τε
198 711 325 792 πτωχοί
339 731 389 774 τε·
409 705 501 784 δόσις
518 705 550 773 δ’
569 702 665 792 όλίγη
681 731 717 774 τε
734 715 814 792 φίλη
831 729 866 774 τε

40 810 177 888 γίγνεται
191 802 348 892 ἡμετέρη·
365 801 387 892 ἡ
402 803 469 891 γύρ
487 802 609 890 δμιόων
627 809 701 890 δίκη
717 805 806 872 ἐστὶν

42 905 93 970 αίεί
108 905 299 992 δειδιότων,
318 901 363 972 ὅτ’
381 904 618 988 ἐπικρατέωσιν
634 899 776 982 ἄνακτες
952 915 986 970 6⁰

42 1005 69 1068 οί
79 1007 155 1072 νέοι.
184 997 207 1091 ἦ
223 1003 289 1091 γὰρ
305 1009 404 1089 τοῦγε
419 1004 495 1073 θεοὶ
511 1001 595 1072 κατὰ
614 1002 738 1070 νόστον
752 1005 886 1088 ἔδησαν,

41 1097 70 1178 ός
83 1128 140 1171 κεν
156 1101 204 1189 ἔμ’
226 1106 390 1182 ἐνδυκέως
406 1106 511 1188 ἐφίλει
526 1105 582 1170 καὶ
598 1109 715 1188 κτῆσιν
732 1097 891 1185 ὄπασσεν,

41 1192 84 1266 ολό
98 1225 133 1268 τε
151 1193 184 1292 ᾦ
200 1207 290 1290 οἰκῆι
302 1201 384 1282 όὶναξ
402 1200 552 1287 εύδυμος
567 1205 702 1288 έδωκευ,

42 1295 121 1366 οἶκόν
136 1325 175 1368 τε
191 1299 320 1386 κλῆρόν
335 1326 370 1367 τε
388 1300 627 1386 πολυμνήστην
642 1326 679 1368 τε
695 1311 864 1385 γυναῖκα,1

42 1393 69 1473 ός
84 1401 117 1464 οί
128 1396 240 1466 πολλοὶ
259 1398 398 1487 κύμησι,
415 1396 499 1479 θεὸς
516 1395 548 1465 δ’
568 1401 622 1466 ἐπὶ
639 1405 739 1486 ἔργον
752 1395 841 1484 όέξη,
952 1411 984 1464 65

43 1490 76 1571 ός
91 1499 144 1562 καλ
162 1497 238 1582 ἐμοὶ
252 1496 330 1565 τόδε
345 1501 445 1584 ἐρ’γον
460 1495 603 1584 δέξεται,
622 1490 649 1587 ᾦ
664 1499 838 1582 ἐπιμίμνω.

42 1594 78 1680 τῷ
91 1596 131 1661 κέ
144 1620 189 1680 με
205 1593 299 1662 πόλλ’
318 1593 449 1682 ὤνησεν
465 1595 613 1681 ἅναξβεί
629 1591 748 1662 αὐτόθ’
767 1592 885 1679 ἐγήρα·

43 1687 95 1757 ἀλλ’
112 1689 212 1761 εἵλεθ’
233 1734 270 1744 -
284 1690 330 1772 ὥς
342 1692 459 1780 ὤφελλ’
475 1692 606 1781 Ἑλένης
622 1693 686 1762 ύπὸ
703 1699 815 1780 φῦλον
831 1689 969 1760 όλέσδαι

42 1789 176 1878 πρόχνυ,
194 1792 264 1860 ἐπεὶ
281 1800 416 1860 πολλῶν
432 1791 568 1880 ἀνδρῶν
585 1790 651 1862 ὑπό
670 1791 803 1879 γούνατ’
816 1798 951 1862 ἔλυσεν·

44 1889 87 1956 καί
113 1890 182 1977 γὰρ
205 1905 316 1970 κεῖνος
334 1898 393 1978 ἐβη
407 1888 653 1979 Ἀγαμέμνονος
669 1896 780 1961 εἵνεκα
796 1895 891 1978 τιμῆς
954 1904 987 1960 70

14 2037 15 2043 ι
43 1983 129 2056 Ἴλιον
146 1994 197 2068 είς
213 1989 383 2076 εύπωλον,
400 1995 457 2059 ἵνα
477 1991 626 2079 Τρώεσσι
642 1991 815 2078 μόχοιτο.“

74 2080 128 2166 Ὦς
144 2094 180 2156 εί
165 2086 252 2156 ίπιδν
269 2095 409 2176 ζωστῆρι
423 2097 516 2173 δοιός
533 2094 689 2177 συνέεργε
705 2097 838 2176 χιτῶνα,

17 2263 19 2272 .
42 2189 74 2268 βη
89 2182 117 2252 δ
137 2195 217 2272 ἴμεν
234 2189 268 2266 ἐς
283 2189 446 2276 συφεούς,
464 2189 524 2258 όθι
540 2194 643 2258 ἔθνεα
661 2195 776 2276 ἔρχατο
793 2194 924 2276 χοίρων.

17 2293 18 2299 ’
43 2286 126 2350 ἔνθεν
144 2282 233 2366 έλύρ
248 2283 303 2352 δύ’
322 2292 427 2355 ἔνεικε
443 2287 534 2356 καί’
514 2289 722 2375 αμφοτέρους
739 2291 898 2374 ἱέρευσεν,

45 2370 108 2449 εύοέ
123 2407 164 2449 τε
179 2385 359 2468 μίστυλλέν
376 2411 412 2452 τε
430 2383 525 2454 καὶ’
505 2384 583 2473 αμφ’
605 2385 771 2475 ὀβελοῖσιν
788 2389 943 2472 ἔπειρεν.
954 2399 988 2454 75

44 2482 177 2568 οπτησας
195 2479 272 2550 δ
249 2509 315 2569 αρα
333 2483 443 2553 πάντα
462 2489 577 2571 φέρων
595 2484 755 2574 παρέθηκ’
770 2483 907 2569 Ὀδυσηε

43 2577 119 2664 θέρμ’
143 2577 258 2658 αὐτοῖς
272 2579 488 2680 όβελοϊσιν·’
470 2609 488 2652 υ
509 2582 542 2651 δ’
562 2583 685 2671 αλφιτα
701 2580 805 2651 λευκὰ
824 2581 986 2650 πάλυνεν

44 2676 146 2743 ἕνδ”
128 2703 197 2764 αρα
213 2686 375 2770 κισσυβίῳ
392 2677 489 2770 κίρνη
505 2688 662 2770 μελιηδέα
677 2680 782 2769 οἶνον,

45 2771 127 2855 αύτός
146 2773 177 2843 δ’
195 2775 311 2846 ἀντίον
329 2775 412 2866 ἷζεν,
430 2783 624 2903 ἐποτρύνων
641 2780 677 2850 δέ
692 2781 867 2870 προσηύδα

75 2875 203 2960 ,Εσδιε
217 2884 299 2964 νῦν,
318 2905 344 2946 ω
333 2870 461 2966 ’ξείνω
476 2881 555 2949 τότε
571 2881 716 2968 δμύεσσι
730 2882 988 2968 πόρεστιν,80

26 2973 139 3067 χοίρε’·
158 2971 241 3061 ότδιρ
258 2975 394 3056 στόλους
409 3005 447 3064 γε
464 2980 547 3058 σύας
561 2987 746 3066 μνηστηρες
762 2985 906 3067 ἔδουσιν,

27 3093 29 3158 η
45 3071 93 3140 ούκ
109 3074 211 3142 ὄπιδα
226 3079 428 3163 φρονέοντες
443 3079 492 3147 ἐνὶ
509 3081 629 3165 φρεσὶν
645 3075 720 3146 οὐδ’
736 3080 883 3167 ἐλεητύν.

45 3193 75 3236 ου
66 3166 148 3257 ’μέν
162 3175 293 3259 σχέτλια
308 3179 389 3265 ἔργα
403 3180 480 3246 θεοὶ
495 3178 641 3267 μα’καρες
657 3181 842 3268 φιλέουσιν,

44 3268 112 3341 ἄλλα
128 3279 226 3362 δίκην
242 3282 351 3344 τίουσι
365 3280 420 3345 καὶ
436 3286 550 3399 αβσιμα
565 3274 631 3363 ἔργ’
646 3277 849 3363 ἀνθρώπων.

45 3371 88 3438 καὶ
103 3376 161 3458 μὲν
177 3377 358 3460 δυσμενέες
373 3373 463 3444 καὶ’
444 3376 615 3462 ανοίρσιοι,
633 3379 683 3444 οῗτ
678 3373 761 3446 ἐ’πλ
776 3382 871 3462 γαίης
954 3391 988 3444 δυ

46 3466 204 3560 α’λλοτρίης
219 3479 327 3562 βῶσιν
341 3481 400 3543 καί
413 3494 474 3562 σφι
489 3471 575 3552 Ζεύς
587 3477 689 3561 ’ληΐδα
706 3472 786 3560 δύη,
