2392 3914
367 213 662 274 οανεεαικε
683 218 757 275 xm
980 212 1049 275 309

1 379 2 430 ἶ
73 368 165 440 τοῦδ’
178 368 292 442 αύτού
309 372 523 460 λυκάβαντος
541 371 711 442 ἐλεύσεται
722 371 841 442 ἐνθάδ’
849 369 1047 459 Ὀδυσσεύς,

71 478 130 538 τού
144 471 212 556 μὲν
228 477 421 557 φθίνοντος
432 469 554 560 μηνός,
572 479 635 540 τοῦ
651 469 682 540 δ’
703 473 925 561 ίσταμένοιο.“

113 567 186 639 Τόν
205 569 237 639 δ’
257 563 342 640 αύτε
361 575 541 660 προσέειπε
558 576 733 659 περίφρων
748 571 960 659 Πηνελόπεια

71 673 128 756 ,αἲ
142 665 213 757 γάρ
231 676 356 758 τοῦτο,
379 672 483 757 ξεῖνε,
503 676 583 749 ἔπος
598 675 832 758 τετελεσμένον
850 680 916 756 εἴη·

70 774 114 854 τῷ
130 793 171 837 κε
188 768 278 855 τάχα
295 775 415 856 γνοίης
433 767 598 856 φιλότητά
614 795 650 836 τε
667 769 775 838 πολλά
792 795 828 836 τε
845 774 936 852 δῶρα
996 783 1050 836 310

69 870 99 944 ἐξ
116 863 219 953 ἐμεῦ,
239 863 286 945 ὡς
302 865 347 935 ἀν
365 873 416 947 τίς
433 888 471 936 σε
490 869 742 954 συναντόμενος
758 873 939 957 μακαριῗοι.

1 987 3 1060 η
69 963 150 1035 ἀλλά
167 991 230 1052 μοι
248 957 322 1034 οἷδ’.
333 964 401 1034 ἀνά
418 965 537 1054 θυμόν
556 962 675 1053 ὀΐεται,
695 963 738 1046 ἀς
755 971 865 1038 ἔσεταί
878 989 957 1048 περ·

1 1115 2 1126 ι
70 1063 133 1132 οὔτ’
148 1062 319 1145 Ὀδυσεύς
336 1070 386 1132 ἀει
404 1064 500 1134 οἶκον
519 1065 705 1154 ἐλεύσεται,
724 1065 802 1134 οὔτε
819 1061 864 1134 σύ
880 1070 1015 1150 πομπῆς

70 1165 183 1254 τεύξη,
203 1167 280 1234 ἐπεὶ
298 1163 341 1234 ού
359 1179 447 1234 τοσοι
468 1165 676 1253 σημάντορές
692 1164 755 1233 είσ’
773 1165 823 1230 ένλ
839 1172 920 1251 οίκφ

0 1293 1 1296 ’
70 1258 134 1344 εἷος
148 1262 339 1343 Ὀδυσσεύς
357 1269 434 1332 ἔσκε
452 1263 520 1352 μετ’
538 1263 719 1352 ἀνδράσιν,
740 1259 839 1332 είποί
857 1266 917 1348 έην
932 1287 982 1347 γε,
997 1275 1050 1328 31⁵

1 1401 2 1416 ι
70 1369 198 1443 ξείνους
218 1367 374 1442 αίδοίους
391 1361 633 1450 ἀποπεμπέμεν
650 1360 710 1449 ήδδ
727 1367 891 1448 δέχεσθαι.

1 1533 2 1562 ,
68 1459 149 1530 ἀλλά
163 1488 245 1548 μιν,
268 1459 477 1549 ἀμφίπολοι,
500 1460 708 1547 ἀπονίψατε,
723 1460 865 1528 κάτθετε
881 1456 912 1525 δ’
933 1455 1048 1542 εὐνήν,

68 1561 183 1646 δέμνια
201 1564 263 1630 κάδ
280 1567 421 1648 χλαίνας
437 1563 495 1629 καὶ
511 1561 615 1648 ῥήγεα
632 1559 841 1646 σιγαλόεντα,

69 1657 108 1739 ἀς
125 1659 153 1728 κ’
173 1653 220 1729 εὖ
237 1661 426 1730 θαλπιόων
442 1660 685 1747 χρυσόθρονον
698 1653 766 1724 Ἠοῑ
783 1659 903 1740 ἵκηται.

67 1755 181 1838 διόθεν
202 1758 241 1827 δὲ
259 1756 339 1846 μάλ’
356 1752 415 1845 ήρι
433 1765 571 1828 λοέσσαι
587 1783 623 1826 τε
640 1761 754 1842 χρίσαί
767 1779 813 1838 τε,
997 1762 1051 1817 320

67 1855 107 1936 ἀς
124 1855 154 1926 κ’
174 1862 285 1926 ἔνδον
303 1855 398 1943 παρά
419 1857 601 1944 Τηλεμάχῳ
621 1859 770 1922 δείπνοιο
788 1855 924 1938 μέδηται

1 1975 2 1996 ¹
67 1953 187 2042 ἥμενος
208 1961 249 2024 έν
267 1955 425 2044 μεγάρῳ·
442 1961 490 2043 τῷ
508 1953 540 2021 δ’
558 1952 678 2038 ἀλγιον
694 1951 732 2030 ὅς
749 1977 810 2018 κεν
825 1951 964 2017 ἐκείνων

66 2061 187 2123 τοῦτον
209 2054 334 2142 ἀνιάζῃ
352 2053 599 2140 θυμοφθόρος·
618 2050 701 2119 ούδέ
717 2077 750 2117 τι
766 2055 867 2136 ἔργον

66 2151 185 2222 ἐνθάδ’
208 2157 259 2220 ἔτι
277 2151 418 2238 πρήξει,
437 2151 528 2238 μάλα
546 2176 609 2234 περ
628 2149 856 2236 κεχολωμένος
872 2151 983 2224 αίνάς.

66 2261 131 2334 πῶς
148 2249 222 2340 γὰρ
240 2255 327 2338 έμεύ
346 2249 408 2338 σύ,
428 2254 531 2336 ξεῖνε,
550 2247 690 2336 δαήσεαι
708 2256 742 2316 εί
753 2272 785 2314 τι
802 2249 975 2332 γυναικῶν
997 2255 1049 2310 32⁵

65 2349 206 2422 ἀλλάων
222 2356 374 2436 περίειμι
391 2348 478 2418 νόον
494 2349 551 2416 καὶ
567 2351 735 2434 ἐπίφρονα
751 2351 862 2430 μῆτιν,

67 2462 96 2520 εί
108 2479 171 2522 κεν
190 2449 401 2534 ἀϋσταλέος,
418 2474 508 2516 κακα
496 2443 656 2532 είμένος
673 2447 711 2510 έν
727 2439 923 2528 μεγάροισιν

66 2552 210 2642 δαινύηγ;
229 2548 440 2671 ἅνθρωποι
434 2547 472 2616 δὲ
488 2543 711 2633 μινυνθάδιοι
727 2542 936 2608 τελέθουσιν.

66 2649 100 2732 δς
115 2648 224 2740 μέν’
202 2647 341 2738 απηνής
358 2644 462 2726 αὐτὸς
480 2653 519 2733 ἔη
537 2639 631 2712 καὶ’
611 2643 742 2728 απηνὲα
760 2642 843 2724 είδή,

66 2777 107 2818 τω
127 2751 165 2820 δὲ
184 2754 405 2834 καταρῶνται
423 2745 548 2823 πάντες
564 2743 680 2830 βροτοί
699 2735 787 2823 ἄλγε’
806 2732 933 2802 ὀπίσσω
996 2743 1049 2798 330

67 2846 192 2937 ζωῷ,’
168 2847 261 2971 ατάρ
278 2840 500 2929 τεθνεωτίγ’
518 2833 783 2926 έφεψιύωνται“
760 2857 920 2912 απαντες·

67 2976 100 3028 ος
116 2943 195 3018 δ
171 2975 220 3016 αν
237 2943 389 3033 ἀμύμων
405 2939 511 3022 αύτός
531 2946 569 3028 έη
587 2934 681 3006 καὶ’
661 2935 820 3022 αμύμονα
837 2935 918 3018 εἰδῇ,

65 3057 125 3116 τοῦ
142 3052 210 3136 μέν
226 3073 264 3114 τε
281 3047 383 3124 κλέος
399 3038 486 3129 εύρύ
504 3036 560 3109 διά
579 3042 680 3118 ξεῖνοι
698 3035 881 3120 φορέουσιν

66 3172 195 3228 ταυτας
205 3143 257 3216 ἐπ
271 3142 502 3230 ἀνθρώπους,
520 3139 643 3206 πολλοι
650 3160 685 3202 τε
696 3158 754 3218 μιν
763 3126 918 3200 έσθλον
901 3151 1019 3196 εειπον.
1023 3133 1044 3170 “

109 3245 185 3335 Την
207 3243 241 3314 δ’
262 3241 538 3332 ἀπαμειβόμενος
556 3233 710 3319 προσέφη
730 3227 913 3315 πολύμητις
928 3223 1043 3293 Ὀδνσ

583 3331 662 3411 σεύς
988 3338 1041 3393 λλὸ

68 3475 117 3532 „⁰2
137 3447 244 3536 γύναι
263 3449 376 3532 αίδοίη
394 3436 610 3527 Λαερτιάδεω
624 3429 796 3514 Ὀδυσῆος,
