2492 3922
201 255 241 317 σε
498 257 791 316 οαεεευικε
821 260 849 315 Δ
912 242 917 248 ’
966 290 970 297 -

199 413 326 501 ἤθελον
345 412 530 503 εὐνηθῆναι
549 412 723 494 ἀνάλκιδες
742 410 835 482 αὐτοὶ
854 414 974 496 ἐόντες.

200 513 244 594 ὡς
264 513 295 582 θ’
316 512 404 583 ὁπότ’
425 517 462 582 ἐν
481 513 607 601 ξυλόχφ
627 518 749 598 ἔλαφος
764 525 936 596 κρατεροῖο
956 517 1154 591 λέουτοςθθό

201 611 342 700 νεβροὺς
361 614 545 699 κοιμήσασα
563 613 737 696 νεηγενέας
755 612 971 698 γαλαθηνούς

199 713 347 796 κνημοὺς
366 715 507 799 ἐξερέῃσι
526 712 581 779 καὶ
599 710 704 795 άγκεα
723 712 879 796 ποιήεντα

200 815 395 896 βοσκομένη,
416 809 434 877 ὁ
455 809 483 876 θ’
507 815 616 876 ἔπειτα
636 809 693 893 έῆν
712 808 890 894 εἰσήλυθεν
909 806 1023 894 εόνῆν,

200 908 414 994 ἀμφοτέροισι
434 910 469 976 δὲ
488 923 594 976 τοῖσιν
613 905 725 974 αἰεικέα
744 905 871 993 πότμον
889 910 1023 994 ἐφῆκεν,

202 1005 244 1085 ὣς
259 1005 416 1086 Ὀδυσεὺς
434 1012 593 1075 κείνοισιν
612 1003 723 1073 άεικέα
742 1006 870 1091 πότμον
889 1006 1013 1090 ἐφήσει.
1101 1021 1152 1074 340
1191 1011 1198 1016 ’

201 1109 237 1173 αλ
253 1105 327 1190 γὰρ,
348 1111 419 1196 ΖεῦΙ
433 1131 467 1172 τε
487 1104 588 1187 πάτερ
609 1105 665 1172 καὶ
681 1103 839 1190 Ἀθηναίη
859 1107 914 1171 καὶ
925 1103 1101 1190 Ἄπολλον,

202 1217 286 1283 τοῖος
305 1201 370 1270 ἐάν
388 1198 457 1282 οἷός
475 1201 544 1271 ποτ’
563 1207 737 1290 ἐϋκτιμένῃ
756 1203 805 1272 ἐνὶ
822 1207 940 1291 Λέσβῳ

68 1291 76 1351 ’-
199 1306 232 1383 ἐξ
252 1308 359 1386 ἔριδος
379 1306 598 1388 Φιλομηλείόῃ
617 1301 795 1369 ἐπάλαισεν
813 1299 968 1386 άναστάς,

199 1399 264 1470 καθ
281 1401 313 1468 δ’
331 1407 427 1487 ἔβαλε
442 1409 618 1487 κρατερῶς,
637 1401 816 1486 κεχάροντο
834 1400 869 1469 δὲ
886 1397 1006 1478 πάντες
1020 1395 1152 1484 Ἀχαιοὶ,

200 1513 286 1577 τοίας
305 1497 372 1566 ἐάν
390 1507 595 1586 μνηστῆρσιν
612 1496 799 1585 ὁμιλήσειεν
816 1497 1007 1576 Ὀδυσσεύς·
1100 1513 1152 1566 34⁵

200 1598 320 1676 πάντες
338 1595 365 1664 κ’
387 1595 558 1684 όκόμοροί
573 1624 607 1665 τε
627 1603 777 1682 γενοίατο
797 1598 1000 1684 πικρόγαμοί
1015 1624 1060 1665 τε.

199 1705 302 1764 ταῦτα
322 1695 353 1763 δ’
374 1695 396 1760 ά
415 1693 443 1780 μ’
462 1701 603 1784 ἐἰρωτᾷς
621 1698 677 1765 καί
695 1701 831 1782 λίσσεαι,
852 1695 914 1764 οὐκ
933 1693 977 1764 άν
996 1702 1099 1780 ἔγωγε

200 1796 283 1863 όὶλλα
302 1795 402 1876 παρέξ
422 1803 543 1879 εἴποιμι
563 1792 779 1880 παρακλιδὸν,
800 1793 871 1862 οὐδ’
891 1793 1066 1880 ἀπατήσω·

199 1892 282 1960 ἀλλὰ
300 1891 340 1958 τά
359 1895 420 1976 μέν
438 1915 494 1978 μοι
513 1885 599 1961 ἔειπε
618 1897 727 1978 γέρων
745 1892 838 1971 άλιος
857 1895 1029 1983 νημερτής,

200 1997 267 2057 τῶν
283 1987 384 2056 οὐδέν
402 2015 452 2057 τοι
474 1986 538 2075 ἐγώ
558 1993 677 2075 κρύψω
697 1997 774 2072 έπος
794 1990 870 2060 οὐδ’
890 1985 1066 2060 ἐπικεύσω.
1101 2007 1157 2060 350

242 2088 402 2178 Αίγύπτφ
421 2087 452 2175 μ’
472 2095 518 2159 έτι
538 2095 637 2176 δεῦρο
657 2093 732 2159 θεοί
750 2097 905 2177 μεμαῶτα
925 2095 1062 2158 νέεσθαι

199 2195 307 2276 ἔσχον,
328 2192 396 2256 ἐπεὶ
416 2189 458 2256 οὕ
477 2209 559 2276 σφιν
578 2195 671 2275 ἔρεξα
690 2195 865 2275 τεληέσσας
884 2187 1087 2275 ἑκατόμβας..

200 2289 243 2371 [ol
262 2283 294 2352 δ’
316 2290 379 2354 αἰεὶ
397 2287 558 2373 βοόλοντο
578 2291 653 2356 θεολ
672 2296 861 2375 μεμνῆσθαι
879 2291 1069 2374 ἐφετμέων]

201 2392 300 2472 νῆσος
318 2386 429 2453 ἔπειτά
447 2413 495 2466 τις
513 2391 581 2455 ἔστι
600 2386 817 2478 πολυκλύστφ
837 2388 887 2454 ἐνὶ
905 2388 1017 2475 πόντφ

199 2483 372 2569 Αίγύπτου
388 2485 605 2571 προπάροιθε,
625 2486 741 2570 Φάρον
759 2491 797 2555 δέ
814 2490 830 2554 ε’
845 2486 1158 2575 κικλήσκουσιυρἓὀ

199 2581 321 2652 τόσσον
340 2580 455 2651 ἄνευθ’
475 2581 578 2652 ὅσσου
596 2611 631 2652 τε
650 2592 835 2672 πανημερίη
853 2585 1010 2672 γλαφυρὴ
1031 2595 1116 2672 νηῦς

199 2682 334 2768 ἤνυσεν,
356 2674 378 2770 ή
397 2681 491 2766 λιγὺς
509 2676 610 2768 οὖρος
629 2687 835 2774 ἐπιπνείῃσιν
854 2685 1012 2754 ὄπισθεν·

197 2787 236 2847 ἐν
255 2785 292 2848 δὲ
310 2779 410 2867 λιμήν
429 2781 579 2868 εὔορμος,
599 2782 683 2850 ὅθεν
701 2783 726 2850 τ’
747 2783 812 2851 ιἰπὸ
833 2793 915 2869 νῆας
937 2782 1025 2862 ἔλσας

198 2883 231 2958 ές
249 2877 375 2946 πόντον
393 2879 583 2966 βάλλουσιν,
604 2879 835 2968 ἀφυσσάμενοι
854 2886 958 2969 μέλαν
977 2882 1079 2969 ὕδωρ.

198 2983 283 3046 ἔνθα
303 2974 332 3064 μ’
353 2981 497 3048 ἐείκοσιν
514 2977 608 3066 ἤματ’
627 2985 704 3065 ἔχον
722 2985 807 3066 θεολ,
828 2981 910 3051 οὐδέ
927 2979 995 3050 ποτ’
1019 2975 1117 3064 οὖροι

199 3083 367 3157 πνείοντες
386 3078 542 3164 φαίνονθ’
559 3075 696 3164 άλιαέες,
713 3084 751 3146 ὀί
768 3080 810 3163 ῥά
829 3107 864 3148 τε
884 3088 975 3166 νηῶν
1100 3096 1156 3152 ³61

198 3183 347 3262 πομπῆες
365 3183 534 3264 γίγνονται
552 3176 600 3244 ἐκέ
621 3177 718 3262 εόρέα
738 3187 827 3244 νεῖτα
845 3179 1026 3264 θαλάσσης.

197 3283 255 3342 καί
271 3276 315 3342 νύ
335 3301 394 3344 κεν
412 3275 468 3362 ἤϊα
487 3275 594 3343 πάντα
613 3281 794 3361 κατέφθιτο
814 3279 869 3344 καὶ
886 3275 970 3362 μένε’
993 3276 1147 3364 άνόραίν,

197 3379 228 3442 εί
244 3373 339 3461 μήτις
357 3399 398 3462 με
416 3381 509 3442 θεων
528 3370 718 3459 ὀλοφύρατο
740 3380 797 3442 καί
813 3371 842 3460 μ’
865 3373 1023 3462 ἐσάωσεν,

198 3477 350 3554 Πρωτέος
369 3477 513 3559 ἰφθίμου
532 3473 695 3559 θυγάτηρ,
716 3470 822 3541 ἁλίοιο
842 3476 1011 3560 γέροντος,
1098 3492 1162 3548 ³65
