2492 3922
170 224 203 266 vt

168 339 246 406 lat),
270 348 301 394 ao
321 359 404 410 eaque
428 339 516 393 atatim
534 337 561 391 in
580 336 686 392 tutelam
714 348 836 407 receptus
847 341 971 406 latuere,
995 347 1069 393 vecte
1093 355 1121 391 ee

166 407 227 460 elbo
240 418 374 462 recreatur
395 409 460 475 (186
475 409 589 474 -25tl)=
636 423 693 458 mex
714 405 854 474 diligenter
884 408 1031 461 admonitus
1065 425 1125 462 eum

167 474 267 528 ancillis
287 478 405 545 sequitur
423 494 525 529 eternum
549 474 683 528 redeuntis
697 486 723 527 et
743 474 878 527 occidente
903 475 958 528 nole
988 475 1061 528 venit
1090 477 1121 529 ad

167 543 251 596 lucum
273 545 428 612 Minervae,
456 545 501 614 qui
527 557 587 596 aute
610 545 700 596 urbem
724 551 782 610 eet,
816 543 859 594 obi
902 543 1033 597 familiare
1072 545 1123 597 sibi

169 629 262 664 numen
274 613 352 667 eelim
367 607 533 667 laceratione
543 621 664 682 precatur
678 610 866 676 (tol-331).

620 730 682 783 v11.

239 832 379 900 Postquam
402 831 533 884 Nausicaa
551 831 651 882 domum
669 833 798 898 redierat,
823 831 914 900 Ulyeei
932 831 1044 884 occurrit
1074 833 1121 884 mi-

171 917 268 965 nerva,
300 899 328 951 in
349 903 462 968 speciem
507 898 587 951 cellae
611 911 726 968 mutata,
748 901 871 969 illumque
894 900 989 953 nebula
1013 899 1125 953 cinctum

170 968 197 1020 iu
219 969 307 1019 urbem
339 979 365 1020 et
395 968 427 1019 ed
449 917 529 1020 aedae
552 967 654 1019 Alcinoi
689 969 786 1022 ducens
822 969 964 1036 dilige-nter
1006 970 1124 1021 aunone·

169 1037 198 1101 (l
213 1065 245 1074 —
259 1033 314 1100 77).
344 1035 390 1088 Sic
402 1035 472 1088 eolus
484 1035 629 1104 ingreditur
639 1037 749 1106 regiam,
769 1036 978 1118 splendidissime
994 1052 1126 1100 oritatnnm

171 1105 215 1156 ubi
236 1101 363 1171 primores
388 1105 532 1156 Phaeacum
557 1116 729 1172 congregatos
764 1108 836 1157 videt
868 1105 937 1158 circa
957 1106 1069 1172 Aretem
1083 1123 1125 1156 re-

170 1171 274 1240 ginam,
297 1172 339 1224 cui
364 1174 471 1240 prituum
496 1171 639 1254 supplicat!
666 1183 745 1242 atque
762 1172 908 1241 Alcinoum,
935 1175 980 1242 qui
1004 1192 1060 1226 eum
1079 1175 1125 1225 ho-

171 1239 251 1308 epitio
283 1240 379 1310 accipit
402 1242 522 1308 donaque
557 1243 685 1308 promittit
718 1253 745 1294 et
766 1259 872 1309 necem,
902 1258 954 1310 qua
975 1241 1126 1312 propediem

172 1308 199 1359 in
217 1308 326 1377 patriam
350 1309 494 1362 deducatur
516 1307 685 1378 (le-tio.)
733 1309 924 1363 Pereunctante
938 1321 997 1379 post
1021 1315 1127 1362 coenam

174 1378 271 1444 Arete,
294 1377 365 1430 cuias
384 1385 456 1429 esset
481 1381 509 1431 el
526 1377 594 1430 unde
616 1385 712 1431 vestem
734 1379 857 1444 haberet,
881 1380 1040 1446 (agnoverat
1059 1378 1126 1430 euim

173 1448 218 1511 en)
242 1445 331 1512 paucis
346 1446 436 1514 refert,
458 1463 524 1514 quae
537 1447 587 1498 eibi
600 1445 750 1500 acciderant
771 1451 803 1498 ub
818 1446 924 1514 Ogygia
938 1448 1022 1500 insule
1046 1464 1128 1514 nsque

173 1514 207 1566 ad
229 1513 363 1567 Scheriam
386 1514 517 1583 naviganti
543 1514 731 1582 (mo-2⁹7„
753 1517 900 1583 bonumque
934 1517 1044 1568 animum
1080 1515 1122 1566 ha-

174 1584 237 1634 bere
250 1581 348 1649 iussus,
373 1583 499 1636 suadente
512 1589 603 1652 nocte,
625 1583 707 1654 quieti
726 1583 844 1637 concedit
855 1583 919 1649 (298
936 1583 1050 1648 441).

613 1720 687 1771 Vlll.

246 1823 356 1873 Postero
385 1821 429 1872 dio
455 1821 480 1872 in
507 1820 609 1888 publico
637 1822 748 1875 concilio
784 1824 913 1876 consultat
943 1821 1066 1874 Alcinous
1096 1823 1129 1874 de

176 1889 278 1957 hospite
299 1889 400 1940 domum
425 1889 577 1942 deducendo
611 1890 797 2009 firincipeoque
848 1891 936 1962 populi
974 1897 999 1942 et
1038 1891 1129 1942 florem

176 1956 320 2010 iuventutis
338 1958 370 2009 ad
389 1956 478 2025 epulus
504 1958 610 2010 vocati
631 1959 639 2010 i
663 1961 826 2028 praebendus
856 1961 885 2024 (l
901 1959 998 2026 -ton
1037 1959 1130 2011 Statim

176 2027 302 2092 iuuenes,
329 2027 455 2078 adornata
476 2026 555 2093 navi,
575 2025 603 2076 in
626 2026 724 2096 regium
758 2029 859 2081 Alcinoi
884 2026 1057 2093 conveniunt,
1080 2045 1130 2093 quo

177 2108 204 2147 et
224 2093 385 2146 Demodocus
407 2093 520 2162 accitur,
538 2094 648 2147 cauendi
657 2096 689 2148 ad
702 2095 827 2149 citharam
841 2097 942 2167 peritus
954 2095 1000 2164 (46
1012 2124 1043 2132 -
1057 2096 1129 2158 103).

178 2163 272 2216 l’rausi
294 2179 382 2214 omues
404 2163 542 2216 conferunt
566 2181 594 2215 ee
618 2163 645 2214 iu
667 2165 750 2216 lorum
774 2165 808 2218 od
837 2165 971 2232 gymnicos
992 2163 1066 2216 ludos
1089 2163 1128 2215 fa-

179 2233 302 2298 ciendos,
329 2231 424 2298 quibus
448 2229 559 2298 Ulyssem
584 2230 722 2284 lacessitus
744 2250 772 2284 ee
791 2233 918 2286 immiscet
936 2247 961 2284 et
989 2232 1133 2285 certamine

178 2299 244 2354 disci
265 2299 349 2352 vincit
362 2300 427 2366 (104
440 2327 473 2337 —
482 2299 555 2365 255).
592 2299 694 2351 Deinde
710 2300 850 2354 uallatura
870 2301 1010 2353 iuvenibus
1021 2317 1131 2365 corloon,

179 2369 249 2438 quod
262 2369 424 2420 Demodocus
434 2373 521 2420 cantat
539 2367 572 2420 do
595 2368 725 2420 amoribus
735 2369 829 2422 Martie
854 2380 881 2422 et
894 2368 1022 2433 Venerin
1055 2367 1131 2420 etiam

179 2437 285 2506 simplex
311 2454 393 2504 genus
414 2435 561 2488 saltationie
584 2435 690 2488 additur
707 2437 771 2498 (216
785 2438 903 2503 -3tit).
940 2438 994 2489 lum
1007 2444 1133 2506 paramur

179 2502 559 2573 L'lyssidonuapriucipibus
582 2517 609 2557 et
628 2503 768 2569 Euryalo*
794 2505 839 2572 qui
871 2524 927 2557 eum
958 2513 1036 2558 aittea
1054 2504 1132 2558 dictis

180 2575 346 2635 lacesserem
372 2592 429 2626 inex
452 2571 481 2628 in
506 2571 611 2629 meant
631 2571 739 2624 aedibus
762 2574 845 2626 calida
872 2575 942 2626 lotus
965 2592 979 2626 e
1000 2572 1053 2626 ulas
1078 2573 1131 2625 odit

180 2643 282 2710 (stt'o—
291 2641 364 2706 469).
401 2641 431 2693 ln
444 2641 484 2692 his
496 2641 676 2706 Demodocus,
699 2641 732 2692 de
754 2659 821 2710 equo
837 2641 924 2710 ligneo
939 2653 965 2694 et
976 2595 1017 2694 liii
1031 2641 1133 2695 excidio

181 2727 295 2776 canens,
328 2708 403 2760 heroi
441 2708 587 2760 memorium
619 2709 762 2776 superioris
795 2711 916 2764 fortunae
952 2719 978 2764 et
1014 2711 1134 2762 lecritnan

180 2791 284 2839 move13
308 2793 340 2828 ex
354 2792 404 2843 quo
419 2794 475 2828 eum
488 2785 564 2844 rogat
577 2775 702 2828 Alcinous
714 2787 753 2842 ut,
778 2779 838 2846 quis
860 2781 894 2830 eit
919 2787 945 2830 et
970 2796 1035 2847 quoe
1058 2796 1134 2830 casus

182 2860 322 2916 perpessus
329 2842 376 2911 sit,
399 2857 511 2913 exponat
525 2843 590 2910 (lid
601 2842 711 2911 -586).

627 2961 676 3014 lx.

252 3065 372 3126 Quutuor
396 3061 549 3114 hinolibrie
573 3062 684 3130 Ulyeeee
710 3063 779 3132 apud
806 3064 937 3116 Phaeacas
963 3063 1119 3116 seriemmul

182 3130 278 3199 tiplicia
292 3129 390 3183 emeris
411 3129 451 3181 sui
464 3143 579 3182 ettamat.
619 3133 712 3198 ltaque
725 3131 824 3199 refert,
847 3130 906 3200 quie
927 3140 953 3184 et
970 3132 1038 3185 unde
1059 3131 1134 3184 domo

183 3201 217 3253 eit
242 3199 386 3266 (1-3d);
409 3206 436 3250 ut
469 3197 563 3250 abIlio
600 3199 734 3266 proiectus
755 3203 863 3267 primum
878 3197 910 3251 ad
926 3199 1038 3251 Ciconas
1054 3217 1135 3269 oppu-

182 3269 260 3336 ierit,
292 3276 319 3320 nt
339 3285 371 3318 ue
398 3275 547 3336 expugnatu
577 3283 665 3318 eorum
692 3267 757 3318 erbe
781 3267 896 3335 Ismaro,
920 3266 1025 3320 Lxxll
1057 3269 1137 3320 sociis

183 3336 297 3410 amictis,
321 3287 426 3403 lugatus
443 3333 599 3388 abscesserit
611 3335 658 3396 (39
669 3365 699 3374 -
714 3334 781 3401 61);
807 3347 886 3404 utque
905 3335 968 3387 inde
985 3337 1053 3388 eirca
1078 3337 1123 3388 uta
