2452 3910
208 261 269 324 134
514 263 804 322 ΟΔΤΣΣΕΙΛΣ
833 265 848 314 r

1212 319 1213 410 Q

208 431 313 510 νήσου
325 422 552 509 θαυμάζοντες
561 421 778 506 εδινεόμεσθα
793 421 861 488 κατ’
878 419 993 509 αύτήν.
1212 395 1213 560 Q

210 513 322 608 άρσαν
339 521 374 590 δέ
401 521 541 607 νύμφαι,
561 527 680 604 κοῦραι
695 516 779 598 Διὸς
795 521 964 606 αἰγιόχοιο,

209 619 301 704 αἶγας
315 618 513 711 ὀρεσκῴους,
532 623 588 686 ἵνα
604 618 817 704 δειπνήσειαν
832 621 962 704 ἑταῖροι.
1112 637 1169 690 155

209 717 326 786 αὐτίκα
341 717 496 804 καμπύλα
510 718 587 798 τόξα
601 719 656 786 καὶ
671 721 825 802 αἰγανέας
840 721 1057 806 δολιχαύλους
1212 695 1213 814 Q

209 814 351 904 εἱλόμεθ’
367 820 403 886 ἐκ
419 824 521 903 νηῶν,
542 816 595 884 διὰ
613 817 648 884 δὲ
662 823 756 903 τρίχα
770 823 996 904 κοσμηθέντες
1212 809 1213 880 Q

208 916 388 1036 βάλλομεν·
410 915 489 1040 αἴρω
504 913 536 982 δ’
555 919 657 986 έδωκε
672 915 754 996 θεὸς
768 920 940 1002 μενοεικέα
954 917 1075 1006 θήρην.

208 1023 284 1102 νῆες
300 1017 362 1102 μέν
375 1043 431 1104 μοι
444 1017 563 1084 ἕποντο
578 1015 740 1097 δυόδεκα,
760 1019 793 1095 ἐς
810 1017 878 1084 δέ’
862 1015 1002 1104 εκάστην
1212 1079 1213 1086 ,

209 1116 306 1182 ἐννέα
321 1115 488 1240 λάγχανον
503 1113 605 1200 αἶγες
626 1117 698 1200 ἐμοὶ
715 1115 750 1182 δὲ
767 1112 829 1183 δέκ’
848 1120 959 1196 ἔξελον
973 1125 1044 1204 οίφ.
1116 1130 1213 1192 160Q
1212 1103 1213 1152 Q

209 1211 253 1293 669
269 1214 342 1282 τότε
358 1241 420 1300 μεν
434 1214 569 1301 πρόπαν
585 1206 673 1334 ήμαρ
704 1216 737 1292 ἐς
750 1211 861 1300 ήέλιον
877 1183 1065 1282 καταδύντα

210 1311 319 1435 ήμιθρ
335 1313 528 1400 δαινύμενοι
543 1311 661 1404 κρέα
636 1340 655 1380 τ
677 1311 801 1380 άσπετα
817 1341 873 1382 και
862 1315 977 1400 μέθυ
990 1307 1063 1400 ήδύ.
1212 1307 1213 1400 Q

209 1408 250 1479 06
264 1410 328 1498 γάρ
345 1436 396 1479 ιιω
413 1439 504 1498 νηων
518 1416 670 1498 ἐξέφθιτο
687 1410 806 1490 οίνοςέ
807 1409 945 1495 ρυθρδς,
1212 1407 1213 1424 ’

208 1507 276 1579 ἄλλ’
295 1515 405 1596 ἐνέην·
426 1510 553 1580 πολλὸν
567 1509 631 1596 γάρ
647 1509 720 1578 ἐν’
702 1518 951 1597 αμφιφορεῦσιν
966 1510 1099 1578 ἕκαστοι
1212 1511 1213 1634 Q

210 1607 386 1696 ἠφύσαμεν
399 1610 558 1680 Κικόνων
574 1610 667 1696 ίερδν
680 1616 881 1695 πτολίεθρον
895 1607 1034 1686 ἑλόντες.
1112 1624 1213 1704 165Q

209 1707 408 1776 Κυκλώπων
424 1707 488 1775 δΗ
471 1735 505 1788 ες
518 1721 617 1794 γαῖαν
631 1707 832 1793 ἐλεύσσομεν
849 1703 956 1792 ἐγγύς
962 1705 1099 1792 ἐόντων,
1212 1713 1213 1808 Q

210 1830 341 1873 καπνον
354 1834 372 1873 τ
400 1803 513 1873 αὐτων
525 1833 561 1874 τε
576 1805 733 1894 φθογγήν
749 1805 830 1875 όίων
846 1831 881 1874 τε
896 1806 951 1874 καὶ
966 1809 1081 1890 αἰγων.

208 1896 291 1990 ἦμος
308 1901 339 1972 δ’
356 1902 464 1990 ήέλιος
479 1909 600 1974 κατέδυ
615 1907 670 1974 καὶ
684 1907 737 1974 ἐπὶ
752 1909 877 1990 κνέφας
891 1897 1007 1990 ἦλθεν,

208 2093 292 2187 ἦμος
307 2099 338 2169 δ’
354 2102 522 2192 ἠριγένεια
538 2104 629 2190 φάνη
645 2105 890 2192 ῥοδοδάκτυλος
903 2099 997 2188 Ἠὼς,
1118 2115 1168 2170 ι’ίκ
1212 2099 1213 2166 Q

208 2201 262 2268 καί
276 2199 338 2269 τότ’
356 2199 442 2287 ε’γιδν
456 2199 584 2288 άγορήν
597 2205 739 2287 θέμενος
755 2199 835 2287 μετὰ
850 2207 952 2268 πᾶσιν
968 2205 1080 2267 ἔειπον
1121 2238 1124 2241 -
1212 2243 1213 2260 Q

251 2297 385 2385 ,,”Αλλοι
401 2299 461 2386 μὲν
475 2307 541 2368 νῦν
554 2297 690 2386 μίμνετ’,
709 2301 781 2386 έμοὶ
796 2302 923 2386 ἐρίηρες
937 2301 1075 2386 ἑταῖροι·

209 2398 315 2488 αύτάρ
329 2397 394 2488 Qu}
408 2398 474 2470 σύν
490 2406 548 2488 νηλ
558 2397 584 2468 τ’
600 2403 661 2488 ἐμή
674 2402 730 2468 καὶ
744 2402 834 2486 ἐμοῖς
849 2401 1015 2484 ἑτάροισιν

207 2497 318 2568 ἐλθόν
331 2498 434 2568 τῶνδ’
450 2498 585 2588 ἀνδρῶν
601 2500 806 2588 πειρήσομαι,
823 2503 939 2578 οἵτινές
953 2503 1048 2584 εἰσιν,

208 2597 230 2685 Q'
246 2597 279 2683 ῤ’
295 2597 355 2685 οἵγ’
371 2596 528 2686 ὑβρισταί
538 2627 574 2668 τε
588 2601 643 2668 καὶ
657 2597 767 2688 ἄγριοι
782 2597 860 2668 ούδέ
874 2603 1006 2683 δίκαιοι,
1113 2615 1169 2670 175

152 2003 158 2017 “
210 1999 303 2088 6Q'
264 2029 338 2072 τοτε
354 2005 565 2093 κοιμήθημεν
578 2006 632 2074 ἐπὶ
647 2007 781 2093 ῥηγμῖνι
796 2005 976 2090 θαλάσσης.

1212 2169 1213 2242 Q

1212 2263 1213 2296 Q

1212 2319 1213 2380 Q

207 2693 244 2782 ήὲ
261 2694 450 2780 φιλόξεινοι,
470 2704 530 2765 καί
542 2717 623 2783 σφιν
636 2697 714 2776 νόος
730 2699 797 2766 ἐστὶ
812 2699 992 2784 θεουδής.“
1212 2679 1213 2762 Q

251 2788 313 2871 Ὦς
329 2789 431 2860 είπάν
450 2791 515 2860 άνδι
529 2791 610 2880 νηός
624 2801 714 2882 ἔβην,
735 2799 890 2864 ἐκέλευσα
907 2793 939 2863 δ’
956 2799 1110 2883 ἑταίρους
1212 2793 1213 2888 Q

209 2892 331 2972 αὐτούς
347 2890 377 2960 τ’
397 2889 571 2980 άμβαίνειν
585 2891 650 2962 άνά
666 2921 700 2961 τε
716 2895 907 2982 πρυμνήσια
923 2903 1031 2963 λῦσαι.

208 2988 285 3058 οί’δ
302 2987 367 3070 αἴν’
354 2997 553 3076 είσβαινον
568 2992 624 3060 καὶ
637 2994 689 3060 ἐπὶ
705 2999 819 3114 κληῖσι
835 3000 985 3080 καθῖζον,
1212 2993 1213 3112 Q

208 3091 279 3176 ἑξῆς
294 3087 326 3154 δ’
344 3089 489 3211 εζόμεηοι
503 3089 623 3176 πολιὴν
640 3088 704 3158 άλα
717 3091 845 3158 τύπτον
860 3093 1015 3178 ἐρετμοις.
1115 3111 1213 3188 18οχ

207 3184 312 3254 ἀλλ”
292 3212 346 3254 οτε
363 3186 454 3273 δή
420 3214 480 3257 τον
494 3197 604 3274 χοίρου
619 3188 797 3276 ἀφικόμεθ’
812 3190 911 3309 ἐγχύς
925 3192 1033 3279 ἐόντα,
1212 3165 1213 3286 Q

207 3284 341 3352 ἔνθαδ’
357 3281 405 3352 ἐπ’
419 3289 551 3372 ἐσχατιῇ
564 3289 663 3365 σπέος
679 3286 862 3374 εἴδομεν,”
839 3289 1114 3378 αγχιθαλάσσης,
1212 3297 1213 3370 Q

207 3379 349 3468 ὑψηλόν,
371 3382 517 3472 δάφνησι
530 3388 727 3470 κατηρεφές·
749 3391 834 3454 ἔνθα
850 3387 886 3456 δε
900 3387 1006 3456 πολλά
1212 3377 1213 3404 Q

208 3477 293 3564 μῆλ’,
314 3479 380 3559 ὅῑές
393 3507 428 3547 τε
443 3483 497 3549 καλ
514 3481 602 3564 αἶγες
615 3485 790 3552 ἰαύεσκον·
811 3489 887 3566 περὶ
901 3485 933 3552 δ’
949 3484 1036 3572 αύλή
