2396 3914
218 259 279 328 m
516 265 808 324 οΔΤΣΣΕιΑΣ
831 274 877 344 Α,

216 417 238 511 ἦ
257 419 376 492 αὐτοῦ·
396 420 508 510 πομπή
529 421 565 492 δὲ
583 432 676 501 &eote
694 419 774 508 ὑμίν
792 448 826 490 τε
845 423 1014 511 μελήσει.“

259 516 319 599 Ὦς
335 518 443 607 ἔφαθ’,
460 525 496 589 αί
509 519 542 590 δ’
560 520 625 609 ἀρα
640 522 761 602 πάντες
776 519 863 609 ἀκήν
876 526 1030 609 ἐγένοντο
1047 529 1165 607 σιωπῇ,

216 627 378 708 κηληθμῷ
394 617 426 687 δ’
445 625 579 705 ἔσχοντο
598 619 680 688 κατά
700 621 825 705 μέγαρα
844 621 1007 690 σκιόεντα.

216 731 322 785 τοῖσιν
341 716 372 784 δ’
388 713 507 804 ’Λρήτη
526 717 730 798 λευκώλενος
748 716 865 804 ἤρχετο
884 719 1008 804 μόθων
1115 733 1166 788 355

260 822 436 902 ,,Φαίηιιες,
456 823 526 894 πώς
544 812 650 901 ὔμμιν
667 813 754 908 ἀνὴρ
773 814 830 884 ὅδε
849 823 1002 902 φαίνεται
1021 814 1107 884 εἶναι

217 913 304 994 εἶδός
321 940 356 982 τε
375 913 518 1000 μέγεθός
534 938 570 982 τε
589 913 637 982 [Ab
655 915 780 998 φρένας
797 917 895 981 έυδον
914 915 1020 993 έλσαςς

217 1018 321 1091 ξεῖνος
339 1008 372 1081 δ’
389 1005 458 1080 αὖτ’
475 1011 553 1098 ἐμός
571 1014 670 1098 έστιν,
689 1011 826 1091 ἕκαστος
845 1009 877 1080 δ’
896 1017 1018 1098 έμμορε
1037 1019 1146 1098 τιμῆς·

216 1117 261 1198 τῷ
281 1107 325 1196 μή
346 1108 552 1196 ἐπειγόμενοι
570 1107 787 1195 ἀποπέμπετε,
807 1110 889 1194 μηδὲ
907 1109 948 1176 τά
968 1114 1061 1191 δῶρα

217 1207 304 1275 οὕτω
323 1214 487 1296 χρηίζοντι
505 1207 676 1276 κολούετε·
696 1205 802 1276 πολλά
819 1207 885 1293 γάρ
904 1206 1009 1294 ὔμμιν
1115 1221 1164 1275 340

215 1303 346 1392 κτήματ’
369 1308 417 1374 έυί
435 1307 607 1392 μεγάροισι
624 1313 717 1374 θεῶν
736 1307 839 1393 ίότητι
857 1308 1022 1376 κέονται.“

260 1411 354 1472 Τοῖσι
373 1407 409 1471 δὲ
427 1406 482 1471 καὶ
500 1407 648 1490 μετέειπε
666 1405 775 1490 γέρων
792 1403 882 1492 ήρως
898 1403 1046 1490 Ἐχένηος

214 1497 262 1586 [ὃς
281 1500 321 1587 δὴ
341 1500 498 1588 Φαιήκων
514 1498 648 1586 ἀνδρῶν
665 1505 921 1587 προγενέστερος
934 1493 1005 1586 ἦεν]

256 1593 320 1684 „³52
335 1605 436 1686 φίλοι,
454 1598 495 1668 οά
510 1598 578 1686 μάν
592 1597 700 1687 ήμλν’
681 1596 746 1668 aad
759 1620 888 1668 σκοπόν
876 1595 1006 1668 οὐδ”
986 1623 1052 1666 απο
1043 1596 1163 1685 δοξης

209 1707 369 1819 μυθεῖται
387 1704 536 1783 βασίλεια
554 1704 742 1783 περίφρων·
762 1694 845 1766 ἀλλά
866 1704 1023 1766 πίθεσθε.
1113 1713 1163 1767 355

209 1791 384 1864 Ἀλκινόου
403 1792 433 1864 δ’
456 1798 493 1864 έκ
511 1793 605 1863 τοῦδ’
625 1800 765 1882 έχεται”
746 1821 845 1880 εργον
863 1821 898 1864 τε
917 1799 995 1874 έπος
1013 1820 1068 1864 τε.
1061 1801 1084 1838 “

256 1890 323 1960 Τον
342 1891 373 1960 δ
394 1886 464 1961 αὖτ’
482 1891 646 1974 Ἀλκίνοος
665 1892 861 1981 ἀπαμείβετο
881 1892 1040 1980 φώνησέν
1058 1920 1094 1962 τε

213 1999 334 2077 ,τοῦτο
353 1991 476 2080 μέν’
432 2019 521 2062 οντα
541 1991 580 2078 δή
602 1999 691 2062 ἔσται
710 1999 798 2079 ἔπος,
818 2003 856 2061 αι’
871 2018 930 2062 κεν
950 1999 1054 2078 ἔγωγε

212 2087 293 2170 ζωὸς
313 2091 493 2178 Φαιήκεσσι
511 2096 759 2178 φιληρέτμοισιν
777 2089 931 2160 ἀνάσσω·

213 2193 318 2269 ξεῖνος
337 2191 372 2258 δὲ
390 2190 507 2277 τλήτω,
526 2191 614 2277 μάλα
633 2216 695 2276 περ
714 2190 845 2260 νόστοιο
865 2197 1013 2277 ηατιζων,
1110 2207 1161 2262 35⁰
1186 2249 1187 2263 ,

211 2291 315 2372 ἔμπης
332 2281 396 2357 οὖν
414 2292 575 2377 ἐπιμεῖναι
592 2293 627 2369 ές
645 2288 774 2376 αὔριον,
795 2290 902 2358 εἰσόκε
920 2298 1034 2358 πᾶσαν

213 2391 355 2474 δωτίνην
372 2392 506 2457 τελέσω·
527 2388 639 2476 πομπή
660 2385 693 2456 δ’
713 2387 871 2474 ἄνδρεσσι
889 2388 1025 2474 μελήσει
1184 2439 1185 2471 ,

211 2494 301 2573 πᾶσι,
319 2485 458 2573 μάλιστα
471 2484 502 2554 δ’
514 2489 600 2573 έμοί·
616 2493 677 2554 τοῦ
688 2484 752 2574 γάρ
763 2485 883 2572 κράτος
898 2483 960 2553 ἔστ’
972 2488 1023 2554 ένὶ
1035 2484 1161 2575 δήμφ,“
1183 2523 1184 2577 η

256 2585 325 2653 Τόν
346 2584 377 2653 δ’
396 2584 657 2676 ἀπαμερβόμευος
674 2587 825 2672 προσέφη
844 2584 1027 2671 πολύμητις
1044 2584 1159 2654 Ὀδυσ-
1182 2615 1183 2681 η

665 2683 743 2762 σεάς

210 2781 377 2868 ,,Ἀλκι’νοε
395 2795 518 2868 κρεῖον,
538 2782 673 2850 πάντων
691 2780 869 2869 ἀριδείκετε
887 2789 989 2868 λαιόν,
1109 2795 1160 2849 355

211 2889 243 2948 εί
258 2905 299 2965 με
317 2880 372 2946 καὶ
391 2884 438 2958 είς
455 2877 610 2948 έυιαυτόυ
628 2877 776 2966 ἀνώγοιτ’
798 2879 920 2949 αὐτόθι
938 2887 1083 2968 μίμνειν,

210 2977 345 3064 πομπήν
362 2973 387 3044 τ’
408 2975 578 3060 ὀτρύνοιτε
596 2980 651 3046 καὶ
669 2976 776 3064 ἀγλαά
797 2985 888 3064 δώρα
907 2985 1040 3065 διδοῖτε,

209 3080 268 3142 καί
282 3099 321 3141 κε
338 3073 376 3142 τό
395 3082 589 3163 βουλοίμην,
609 3083 667 3144 καί
682 3103 742 3146 κεν
759 3076 846 3146 πολὺ
865 3081 1000 3165 κέρδιον
1019 3087 1082 3164 είη,

208 3173 378 3260 πλειοτέρῃ
396 3170 463 3241 σόν
480 3177 561 3260 χειρί
580 3181 682 3261 φίλην
700 3179 733 3254 ές
751 3174 883 3260 πατρίδ’
903 3178 1052 3248 ἱκέσθαι·

208 3275 267 3336 καί
281 3268 310 3336 κ’
329 3271 531 3356 αἰδοιότερος
549 3274 603 3341 καὶ
622 3281 775 3360 φίλτερος
793 3271 956 3358 ἀνδράσιν
975 3283 1050 3359 είηυ
1108 3268 1170 3344 360'

208 3373 319 3454 πᾶσιν,
339 3367 413 3436 ὅσοι
431 3368 462 3455 μ’
477 3369 649 3456 Ἰθάκηνδε
668 3377 791 3440 ίδοίατο
810 3373 1055 3458 υοστήσαντα.“
1101 3377 1107 3386 ’

250 3462 317 3530 Τόν
336 3463 368 3531 δ’
390 3459 460 3534 αὖτ’
478 3467 643 3549 ’Λλκίνοος
661 3467 858 3557 ἀπαμείβετο
878 3469 1037 3556 φώνησέν
1055 3496 1090 3538 τε
