2452 3910
207 262 268 326 158
507 269 797 328 ΟΔΥΣΣΕῙΑΣ
819 271 856 328 Κ.

207 424 310 497 αύτον
329 425 363 494 δ’
384 424 504 495 ἐνθάδ’
526 415 645 512 ἐχουσα
664 427 936 512 δολοφρονέουσα
954 429 1115 510 κελεύεις.

206 531 238 606 ἐς
256 525 413 612 θάλαμόν
431 523 457 593 τ’
477 526 561 593 ίέναι
580 527 712 611 καὶτῆς
731 527 925 612 ἐπιβήμεναι
944 526 1056 616 εύνῆς,
1106 545 1167 599 340

207 625 297 712 ὄφρα
315 650 356 710 με
374 627 594 711 γυμνωθέντα
613 619 717 691 νακόν
735 624 791 690 καλ
810 621 959 711 ἀνήνορα
977 633 1082 716 θείης.

206 719 280 790 οὐδ’
300 717 344 790 ἀν
362 720 455 808 ἔγωγ’
476 726 623 807 ἐθέλοιμι
641 728 715 807 τεῆς
734 722 928 810 ἐπιβήμεναι
946 722 1056 812 εύνῆς,

206 827 236 890 εί
253 821 299 909 μή
317 847 374 908 μοι
391 825 503 906 τλαίης
520 846 569 906 γε,
588 817 664 905 θεά,
685 821 790 906 μέγαν
809 819 913 906 ὅρκον
931 819 1074 909 ὀμόσσαι

205 920 282 1006 μήτι
300 945 357 1007 μοι
375 917 467 1008 αύτρῖ
484 924 576 1006 πῆμα
594 915 700 988 κακόν
717 924 943 1006 βουλευσέμεν
961 920 1079 989 ἀλλο.“
1105 937 1163 992 344

249 1015 310 1098 Ὦς
328 1018 469 1104 ἐφάμην,
488 1014 509 1104 ή
529 1015 560 1084 δ’
582 1014 686 1086 αὐτίκ’
705 1016 887 1104 ἀπώμνυεν
906 1016 951 1099 ὥς
969 1024 1139 1090 ἐκέλευον.

206 1115 311 1204 αύτάρ
331 1120 404 1186 ἐπεί
419 1115 450 1203 β’
472 1115 594 1202 ὄμοσέν
611 1141 647 1184 τε
665 1117 861 1202 τελεύτησέν
878 1143 914 1186 τε
932 1115 994 1186 τὸν
1013 1116 1131 1210 ὅρκου,

205 1217 259 1283 καὶ
276 1213 341 1284 τότ’
361 1212 425 1300 ἐγά
444 1220 571 1300 Κίρκης
588 1215 709 1300 ἐπέβην
728 1217 940 1298 περικαλλέος
960 1215 1070 1303 εύνῆς.

244 1311 439 1400 Ἀμφίπολοι
455 1310 488 1380 δ’
504 1311 570 1393 ἀρα
587 1316 667 1391 τέυς
682 1314 744 1398 μὲν
761 1315 811 1382 ἐυλ
826 1313 997 1400 μεγάροισι
1012 1322 1161 1384 πένοντο

205 1414 368 1499 τέσσαρες,
389 1416 424 1479 οἳ
441 1415 475 1480 οί
491 1415 584 1498 δοῑμα
602 1412 687 1479 κάτα
704 1411 891 1499 δρήστειραι
909 1417 1011 1481 ἐασιν.
1105 1429 1163 1483 349

205 1518 374 1598 γίγνονται
393 1507 423 1578 δ’
442 1507 508 1596 ἀρα
528 1508 608 1595 τοίγ’
627 1515 664 1577 ἐκ
682 1537 717 1577 τε
733 1515 884 1596 κρηνέων
902 1508 969 1580 ἀπό
984 1509 1009 1580 τ’
1027 1510 1163 1581 ἀλσέων

206 1615 241 1678 ἐκ
259 1607 291 1678 θ’
314 1613 413 1694 ίεριθν
427 1615 595 1695 ποταμόν,
615 1605 672 1676 οἵτ’
692 1614 737 1686 είς
755 1606 856 1676 ἀλαδε
875 1614 1086 1697 προρέουσιν.

205 1709 295 1777 τάων
313 1706 333 1795 ῆ
353 1709 414 1794 μὲν
433 1713 549 1794 ἐβαλλε
568 1706 709 1790 θρόνοις
727 1712 776 1774 ἐνι
796 1707 898 1793 ῥήγεα
916 1706 1012 1792 καλά,

206 1807 381 1892 πορφύρεα
399 1802 606 1890 καθύπερθ’,
626 1801 791 1888 ὑπένερθε
811 1804 846 1872 δὲ
865 1802 928 1874 λῖθ’
950 1803 1160 1892 ὑπέβαλλεν·

205 1902 225 1991 ῆ
246 1903 278 1972 δ’
299 1906 389 1990 ἑτέρη
409 1903 618 1989 προπάροιθε
635 1903 774 1985 θρόνων
793 1906 930 1972 ἐτίταινε
948 1905 1112 1986 τραπέζας
1210 1905 1211 1930 ’

205 2003 379 2089 ἀργυρέας,
398 2004 450 2070 ἐπὶ
469 2003 507 2069 δέ
524 2021 584 2089 σφι
601 2007 688 2070 τίθει
705 2001 841 2087 χρύσεια
859 2000 990 2072 κάνεια·
1105 2020 1162 2073 355

205 2100 225 2188 ἡ
246 2106 281 2170 δὲ
299 2108 389 2190 τρίτη
409 2109 548 2189 κρητῆρι
567 2111 750 2188 μελίφρονα
770 2099 863 2170 οίνον
881 2104 995 2186 ἐκίρνα

205 2197 292 2285 ἡδύν
310 2204 347 2268 ἐν
365 2197 523 2290 ἀργυρέῳ,
540 2203 618 2286 νέμε
637 2199 672 2267 δὲ
691 2199 827 2284 χρύσεια
846 2199 1007 2266 κύπελλα·

207 2299 226 2386 ἡ
247 2301 282 2368 δὲ
300 2297 437 2384 τετάρτη
457 2296 549 2382 ὕδωρ
567 2297 682 2382 ἐφόρει
701 2298 843 2381 καὶπῦρ
862 2294 1018 2364 ἀνέκαιευ

206 2394 333 2466 πολλόν
352 2393 416 2464 ἀπό
435 2402 565 2482 τρίποδι
583 2396 730 2486 μεγάλῳ·
750 2401 872 2464 ἰαίνετο
892 2394 924 2464 δ’
944 2394 1048 2481 ύδοιρ.

207 2495 311 2585 αὐτὰρ
329 2495 441 2584 ἐπειδή
461 2500 572 2577 ζέσσεν
590 2494 682 2578 ὕδωρ
702 2497 751 2562 ἐνὶ
769 2493 870 2579 ἤνοπι
888 2501 1010 2584 χαλκῷ,
1106 2509 1163 2564 360

206 2601 239 2674 ἐς
258 2594 290 2680 ῤ’
310 2592 502 2680 ἀσάμινθον
519 2596 620 2662 ἕσασα
639 2591 694 2661 λό’
713 2595 751 2661 ἐκ
769 2596 925 2676 τρίποδος
943 2589 1115 2677 μεγάλοιο,

206 2701 355 2780 θυμῆρες
373 2692 540 2777 κεράσασα
558 2691 639 2759 κατὰ
660 2689 781 2777 κρατός
800 2717 835 2759 τε
854 2693 910 2758 καὶ
932 2688 1043 2776 ἀμαυ,

206 2793 297 2875 ὄφρα
315 2817 372 2877 μοι
390 2795 427 2858 ἐκ
445 2789 592 2876 κάματον
610 2789 840 2877 θυμοφθόρον
858 2793 961 2858 είλετο
980 2793 1097 2872 γυίων.

206 2887 311 2972 αύτάρ
330 2890 400 2958 ἐπεὶ
418 2891 539 2957 λοῦσέν
556 2915 591 2958 τε
610 2891 665 2958 καὶ
681 2894 809 2974 ἐχρισεν
827 2886 892 2958 λίπ’
911 2891 1020 2978 ἐλαίῳ,

206 2987 290 3074 ἀμφὶ
310 2992 348 3057 δέ
364 3013 405 3076 με
423 2997 560 3082 χλαῖναν
577 2986 683 3073 καλὴν
701 2986 803 3074 βάλεν
821 2985 880 3072 ήδέ
898 2994 1031 3072 χιτῶνα,
1106 3000 1163 3054 365

207 3081 272 3153 εἷσε
292 3091 330 3156 δέ
346 3083 376 3174 μ’
398 3093 619 3173 εἰσαγαγοῦσα
638 3086 690 3153 ἐπὶ
708 3084 840 3168 θρόνου
858 3081 1085 3170 ἀργυροήλου,

207 3195 312 3252 καλοῦ
344 3190 536 3254 δαιδαλέου·
557 3181 623 3252 ύπό
644 3185 679 3251 δὲ
697 3190 829 3270 θρῆνυς
846 3185 945 3251 ποσλυ
963 3175 1041 3269 ήεν·

207 3285 353 3370 Ιχέρνιβα
372 3277 401 3350 δ’
424 3278 611 3366 ἀμφίπολος
628 3282 760 3371 προχόῳ
780 3286 911 3367 ἐπέχευε
930 3303 1083 3367 φερουσα

206 3387 302 3470 καλῆ,
322 3398 467 3468 χρυσείη,
487 3379 571 3464 ὑπὲρ
590 3378 765 3466 ἀργυρέοιο
785 3385 930 3468 λέβητος,

208 3482 384 3554 νίψασθαι·
404 3475 494 3560 παρά
514 3476 550 3544 δέ
569 3479 684 3565 ξεστῆν
700 3478 860 3547 ἐτάνυσσε
877 3481 1053 3564 τράπεζαν.
1109 3493 1167 3548 ³7⁰
