2460 3920
358 307 420 364 ΟΔ
430 308 653 365 ΤΣΣΕΙΑΣ
675 310 775 369 XXIV.
979 309 1041 375 387

118 455 183 548 ,Ὦ
201 463 367 551 φίλ’,έπεὶ
382 465 547 552 νόστησας
563 469 785 555 ἐελδομένοισι
799 469 872 556 μάλ’
888 469 968 559 η’μῖν
988 489 1041 540 400

7 589 8 594 ¹
77 558 151 629 οὐδ’
170 560 213 629 ἔτ’
230 560 423 650 ὀϊομένοισι,
444 569 520 632 θεοὶ
534 570 571 632 δέ
586 563 618 632 σ’
637 565 808 656 ἀνήγαγον
824 568 928 657 αὐτοὶ,

76 654 159 730 οὖλέ
169 688 207 729 τε
223 665 281 730 καὶ
296 663 387 748 μάλα
400 677 503 750 χαῖρε,
518 667 594 732 θεοὶ
610 669 650 734 δέ
662 693 713 734 τοι
730 667 827 756 δλβια
843 676 942 737 δοῖεν.

75 767 133 828 καί
144 787 202 846 μοι
216 759 305 829 τοῦτ’
322 760 512 848 ἀγόρευσον
527 764 701 854 ἐτήτυμον,
718 765 793 852 ὄφρ’
811 760 849 836 εὖ
866 771 953 854 είδιό,

75 857 96 946 ή
110 860 176 948 ήδη
194 861 291 947 σάφα
307 860 377 930 οἶδε
392 869 566 950 περίφρων
579 865 790 951 Πηνελόπεια

76 961 290 1048 νοστήσαντά
305 981 342 1029 σε
359 960 460 1048 δεῦρ’,
480 957 662 1048 ήάγγελον
677 961 906 1051 ὀτρύνωμεν.“
987 983 1039 1036 405

117 1059 190 1128 Τόν
211 1059 244 1128 δ’
261 1059 528 1148 ἀπαμειβόμενος
549 1065 702 1152 προσέφη
723 1065 904 1152 πολύμητις
919 1063 1038 1134 Ὀδυσ-

539 1163 618 1242 σεός

71 1251 123 1344 „⁶3
139 1263 256 1347 γέρον,
274 1258 339 1348 ήδη
355 1259 440 1328 οἶδε·
460 1266 494 1328 τί
506 1283 542 1329 σε
557 1262 619 1348 χρή
632 1271 736 1331 ταῦτα
751 1269 953 1349 πένεσδαιςιι

114 1353 178 1435 Ὦς
194 1355 291 1445 φάθ’,
313 1353 331 1425 ὁ
349 1353 381 1424 δ’
398 1350 492 1438 αὖτις
506 1357 555 1445 ἀρ’
573 1360 648 1441 ἕζετ’
666 1366 819 1443 ἐϋξέστου
835 1368 889 1434 ἐπὶ
904 1372 1034 1454 δίφρου.

72 1457 115 1537 τδς
132 1456 169 1525 δ’
185 1460 297 1536 αὔτως
314 1462 430 1536 παῖδες
446 1465 575 1526 Δολίου
590 1460 713 1528 κλυτὸν
729 1461 808 1548 ἀμφ’
823 1461 963 1550 Ὀδυσήα

71 1555 286 1625 δεικανόωντ’
304 1560 435 1626 ἐπέεσσι
447 1560 503 1625 καὶ
515 1562 553 1626 έν
566 1565 710 1647 χείρεσσι
724 1561 863 1650 φύοντο,
985 1583 1037 1635 41⁰

70 1660 174 1741 ἑξείης
189 1655 223 1724 δ’
241 1657 354 1736 ἕζοντο
371 1659 473 1744 παραὶ
485 1664 623 1744 Δολίον,
638 1665 763 1744 πατέρα
778 1661 877 1745 σφόν.

101 1753 166 1835 Ὣς
183 1761 219 1824 οί
232 1756 296 1842 μέν
309 1759 385 1839 περὶ
402 1761 539 1826 δεῖπνον
553 1759 601 1825 ένλ
616 1759 790 1844 μεγάροισι
805 1761 961 1829 πένοντο·

69 1853 177 1924 Ὄσσα
193 1849 226 1922 δ’
241 1854 292 1940 ἀρ’
305 1855 446 1940 ἅγγελος
457 1847 528 1924 τόκα
539 1859 621 1924 κατὰ
633 1858 750 1926 πτόλιν
762 1858 861 1949 ᾤχετο
872 1860 992 1949 πάντη,

67 1954 276 2042 μνηστήρων
292 1951 456 2040 στυγερὸν
470 1955 623 2023 θάνατον
638 1959 693 2024 καὶ
717 1955 790 2044 κῆρ’
805 1963 976 2027 ἐνέπουσα.

67 2058 101 2121 οί
114 2051 150 2120 δ’
166 2049 223 2139 ’ἀρ’
240 2049 331 2139 ὅμως
345 2049 474 2130 ἀΐοντες
491 2057 633 2139 ἐφοίτων
647 2054 794 2124 ἀλλοθεν
809 2057 909 2139 ἀλλος
982 2076 1035 2128 415

66 2159 189 2242 μυχμῷ
205 2179 241 2219 τε
259 2159 404 2238 στοναχῇ
418 2177 453 2218 τε
468 2153 582 2238 δόμων
597 2155 802 2239 προπάροιθ’
816 2154 985 2244 Ὀδυσῆος,

65 2256 101 2320 ἐκ
118 2251 158 2320 δέ
173 2255 277 2330 νέκυς
292 2260 398 2319 οἴκων
411 2251 540 2337 φόρεον
556 2254 612 2320 καὶ
627 2254 760 2344 θάπτον
775 2258 919 2345 ἕκαστοι,

66 2348 146 2430 τούς
162 2353 195 2418 δ’
215 2353 248 2428 ἐξ
265 2347 401 2416 ἀλλάων
417 2357 543 2417 πολίων
558 2350 691 2420 οἶκόνδε
704 2355 845 2422 ἕκαστον

66 2456 204 2536 πέμπον
219 2447 315 2534 ἀγειν
334 2446 466 2516 ἁλιεῦσι
480 2457 566 2535 θοῇς
580 2452 634 2518 ἐπὶ
648 2454 746 2535 νηυσὶ
760 2453 922 2531 τνδέντες·

65 2545 164 2616 αὐτοὶ
182 2545 216 2614 δ’
233 2553 280 2625 είς
294 2545 423 2633 ἀγορήν
439 2555 514 2616 κίον
528 2545 662 2633 ἀθρόοι,
685 2545 865 2635 ἀχνύμενοι
878 2557 951 2636 κῆρ.
981 2567 1033 2617 σευ

64 2645 175 2730 αὐτὰρ
197 2649 272 2714 ἐπεί
291 2643 323 2730 ῥ’
345 2644 494 2732 ἤγερθεν
512 2645 688 2734 ὁμηγερέες
708 2646 734 2714 τ’
753 2650 918 2734 ἐγένοντο,
984 2701 987 2708 ·

63 2761 174 2814 τοῖσιν
197 2742 229 2811 δ’
249 2742 425 2831 Εὐπείθης
444 2744 509 2812 ἀνά
529 2745 563 2813 θ’
584 2752 695 2816 ἵστατο
715 2749 771 2816 καὶ
789 2750 972 2835 μετέειπεν·

63 2846 189 2923 παιδός
207 2843 274 2929 γάρ
294 2847 329 2911 οί
346 2843 494 2913 άλαστον
512 2847 561 2913 ἐνὶ
580 2849 679 2931 φρεσὶ
697 2851 824 2927 πένθος
842 2855 957 2934 ἔκειτο,

58 2941 252 3030 Ἀντινόου,
273 2940 335 3011 τόν
354 2951 490 3030 πρῶτον
509 2946 649 3030 ἐνήρατο
669 2950 740 3025 δῖος
754 2945 948 3024 Ὀδυσσεύς·
1028 3015 1033 3022 ,

62 3053 126 3112 τοῦ
148 3041 210 3128 όγε
232 3047 428 3130 δακρυχέων
447 3042 636 3130 ἀγορήσατο
653 3049 708 3112 καὶ
729 3049 897 3131 μετέειπεν
979 3060 1031 3111 425

103 3137 167 3231 „³52
180 3151 283 3230 φίλοι,
304 3135 326 3229 ή
345 3146 428 3229 μέγα
445 3149 545 3230 ἔργον
558 3141 643 3228 ἀνήρ
656 3141 708 3210 δ’δ’
723 3142 852 3232 ἐμήσατ’
867 3142 1028 3230 Ἀχαιούς·

61 3241 145 3324 τούς
165 3243 229 3330 μὲν
248 3239 316 3310 σύν
336 3241 473 3330 νήεσσιν
492 3241 586 3327 άγων
604 3249 724 3322 πολέας
743 3269 776 3310 τε
796 3247 851 3311 καί
870 3239 1012 3318 έσθλούς

60 3343 168 3412 ὤλεσε
189 3341 253 3428 μέν
272 3348 357 3427 νῆας
376 3339 559 3427 γλαφυράς,
580 3337 644 3408 ἀπδ
666 3337 697 3408 δ’
719 3339 822 3410 άλεσε
840 3341 955 3418 λαούς·

59 3439 143 3522 τοὺς
163 3438 196 3509 δ’
219 3437 336 3508 έλθτδν
354 3445 478 3507 ἔκτεινε
496 3439 728 3526 Κεφαλλήνων
747 3436 793 3523 ὄχ’
814 3435 977 3528 ἀρίστους,

60 3541 133 3610 ἀλλ”
150 3541 262 3628 ἀγετε,
283 3541 365 3628 πρὶν
383 3548 504 3607 τοῦτον
523 3534 546 3626 ή
565 3539 725 3617 έςΠύλον
744 3529 814 3662 ιόκη
834 3539 966 3604 ι’κίσδαι
978 3553 1027 3606 43⁰

756 3637 790 3686 ’25
