<?xml version="1.0" encoding="UTF-8"?>
<!DOCTYPE html PUBLIC "-//W3C//DTD XHTML 1.0 Transitional//EN"
    "http://www.w3.org/TR/xhtml1/DTD/xhtml1-transitional.dtd">
<html xmlns="http://www.w3.org/1999/xhtml" xml:lang="en" lang="en">
 <head>
  <title>
</title>
<meta http-equiv="Content-Type" content="text/html;charset=utf-8" />
  <meta name='ocr-system' content='tesseract 3.04.00' />
  <meta name='ocr-capabilities' content='ocr_page ocr_carea ocr_par ocr_line ocrx_word'/>
</head>
<body>
  <div class='ocr_page' id='page_1' title='image "./homericarminaad00baumgoog_0141.png"; bbox 0 0 2452 3910; ppageno 0'>
   <div class='ocr_carea' id='block_1_1' title="bbox 177 261 832 326">
    <p class='ocr_par' dir='ltr' id='par_1_1' title="bbox 177 261 832 326">
     <span class='ocr_line' id='line_1_1' title="bbox 177 261 832 326; baseline -0.009 -1"><span class='ocrx_word' id='word_1_1' title='bbox 177 261 237 326; x_wconf 79' lang='lat'><strong><em>116</em></strong></span> <span class='ocrx_word' id='word_1_2' title='bbox 478 263 771 321; x_wconf 75' lang='grc' dir='ltr'><em>ΟΔΥΣΣΕΙΑΣ</em></span> <span class='ocrx_word' id='word_1_3' title='bbox 796 263 832 321; x_wconf 76' lang='grc' dir='ltr'><strong><em>Θ.</em></strong></span> 
     </span>
    </p>
   </div>
   <div class='ocr_carea' id='block_1_2' title="bbox 173 417 1224 3570">
    <p class='ocr_par' dir='ltr' id='par_1_2' title="bbox 173 417 1132 544">
     <span class='ocr_line' id='line_1_2' title="bbox 173 417 1132 544; baseline 0 -53"><span class='ocrx_word' id='word_1_4' title='bbox 173 421 368 544; x_wconf 80' lang='grc' dir='ltr'><strong><em>θυμοδακὴς</em></strong></span> <span class='ocrx_word' id='word_1_5' title='bbox 383 423 447 509; x_wconf 82' lang='grc' dir='ltr'><strong><em>γάρ</em></strong></span> <span class='ocrx_word' id='word_1_6' title='bbox 462 429 586 508; x_wconf 79' lang='grc' dir='ltr'><strong><em>μῦθος·</em></strong></span> <span class='ocrx_word' id='word_1_7' title='bbox 604 420 795 505; x_wconf 79' lang='grc' dir='ltr'><strong><em>επότρννας</em></strong></span> <span class='ocrx_word' id='word_1_8' title='bbox 811 422 849 488; x_wconf 89' lang='grc' dir='ltr'><strong><em>δέ</em></strong></span> <span class='ocrx_word' id='word_1_9' title='bbox 861 445 901 505; x_wconf 89' lang='grc' dir='ltr'><strong><em>με</em></strong></span> <span class='ocrx_word' id='word_1_10' title='bbox 918 417 1057 487; x_wconf 81' lang='grc' dir='ltr'><strong><em>είπάν.“</em></strong></span> <span class='ocrx_word' id='word_1_11' title='bbox 1079 436 1132 491; x_wconf 76' lang='lat'><strong><em>18⁵</em></strong></span> 
     </span>
    </p>

    <p class='ocr_par' dir='ltr' id='par_1_3' title="bbox 175 517 1224 1396">
     <span class='ocr_line' id='line_1_3' title="bbox 230 517 990 610; baseline -0.003 -22"><span class='ocrx_word' id='word_1_12' title='bbox 230 529 266 588; x_wconf 89' lang='lat' dir='ltr'><em>H</em></span> <span class='ocrx_word' id='word_1_13' title='bbox 277 523 319 608; x_wconf 82' lang='grc' dir='ltr'><strong><em>ῥα</em></strong></span> <span class='ocrx_word' id='word_1_14' title='bbox 334 522 389 590; x_wconf 82' lang='grc' dir='ltr'><strong><em>καί</em></strong></span> <span class='ocrx_word' id='word_1_15' title='bbox 404 517 496 610; x_wconf 78' lang='grc' dir='ltr'><strong><em>αὐτῷ</em></strong></span> <span class='ocrx_word' id='word_1_16' title='bbox 512 520 611 606; x_wconf 91' lang='grc' dir='ltr'><strong><em>φάρει</em></strong></span> <span class='ocrx_word' id='word_1_17' title='bbox 627 519 761 600; x_wconf 77' lang='grc' dir='ltr'><strong><em>ἀναΐξας</em></strong></span> <span class='ocrx_word' id='word_1_18' title='bbox 775 519 856 606; x_wconf 89' lang='grc' dir='ltr'><strong><em>λάβε</em></strong></span> <span class='ocrx_word' id='word_1_19' title='bbox 873 524 990 587; x_wconf 89' lang='grc' dir='ltr'><strong><em>δίσκον</em></strong></span> 
     </span>
     <span class='ocr_line' id='line_1_4' title="bbox 176 615 1095 706; baseline 0 -20"><span class='ocrx_word' id='word_1_20' title='bbox 176 626 307 706; x_wconf 78' lang='grc' dir='ltr'><strong><em>μείζονα</em></strong></span> <span class='ocrx_word' id='word_1_21' title='bbox 324 621 378 688; x_wconf 80' lang='grc' dir='ltr'><strong><em>καὶ</em></strong></span> <span class='ocrx_word' id='word_1_22' title='bbox 394 620 546 706; x_wconf 79' lang='grc' dir='ltr'><em>πάχετον,</em></span> <span class='ocrx_word' id='word_1_23' title='bbox 563 619 807 706; x_wconf 72' lang='grc' dir='ltr'><strong><em>στιβαρώτερον</em></strong></span> <span class='ocrx_word' id='word_1_24' title='bbox 823 617 885 687; x_wconf 76' lang='grc' dir='ltr'><strong><em>οὐκ</em></strong></span> <span class='ocrx_word' id='word_1_25' title='bbox 903 615 1018 704; x_wconf 87' lang='grc' dir='ltr'><strong><em>ὀλίγον</em></strong></span> <span class='ocrx_word' id='word_1_26' title='bbox 1032 641 1095 700; x_wconf 86' lang='grc' dir='ltr'><strong><em>περ</em></strong></span> 
     </span>
     <span class='ocr_line' id='line_1_5' title="bbox 177 713 810 808; baseline -0.002 -23"><span class='ocrx_word' id='word_1_27' title='bbox 177 713 195 804; x_wconf 84' lang='grc' dir='ltr'><strong><em>ή</em></strong></span> <span class='ocrx_word' id='word_1_28' title='bbox 215 723 272 808; x_wconf 78' lang='grc' dir='ltr'><strong><em>οίφ</em></strong></span> <span class='ocrx_word' id='word_1_29' title='bbox 290 725 432 805; x_wconf 89' lang='grc' dir='ltr'><strong><em>Φαίηκες</em></strong></span> <span class='ocrx_word' id='word_1_30' title='bbox 447 723 596 786; x_wconf 74' lang='grc' dir='ltr'><strong><em>ἐδίσκεον</em></strong></span> <span class='ocrx_word' id='word_1_31' title='bbox 611 715 810 804; x_wconf 89' lang='grc' dir='ltr'><strong><em>ἀλλήλοισιν.</em></strong></span> 
     </span>
     <span class='ocr_line' id='line_1_6' title="bbox 175 808 1224 904; baseline 0 -20"><span class='ocrx_word' id='word_1_32' title='bbox 175 817 236 884; x_wconf 88' lang='grc' dir='ltr'><strong><em>τόν</em></strong></span> <span class='ocrx_word' id='word_1_33' title='bbox 248 819 294 900; x_wconf 75' lang='grc' dir='ltr'><strong><em>,βα</em></strong></span> <span class='ocrx_word' id='word_1_34' title='bbox 310 821 528 904; x_wconf 70' lang='grc' dir='ltr'><strong><em>περιστρέψας</em></strong></span> <span class='ocrx_word' id='word_1_35' title='bbox 542 808 602 903; x_wconf 90' lang='grc' dir='ltr'><strong><em>ήκε</em></strong></span> <span class='ocrx_word' id='word_1_36' title='bbox 619 821 775 902; x_wconf 79' lang='grc' dir='ltr'><strong><em>στιβαρῆς</em></strong></span> <span class='ocrx_word' id='word_1_37' title='bbox 790 813 854 887; x_wconf 83' lang='grc' dir='ltr'><strong><em>ἀπὸ</em></strong></span> <span class='ocrx_word' id='word_1_38' title='bbox 873 814 991 902; x_wconf 84' lang='grc' dir='ltr'><strong><em>χειρός,</em></strong></span> <span class='ocrx_word' id='word_1_39' title='bbox 1223 895 1224 898; x_wconf 10' lang='lat'>¹</span> 
     </span>
     <span class='ocr_line' id='line_1_7' title="bbox 178 911 1135 1003; baseline 0.002 -21"><span class='ocrx_word' id='word_1_40' title='bbox 178 915 348 1002; x_wconf 82' lang='grc' dir='ltr'><strong><em>βόμβησεν</em></strong></span> <span class='ocrx_word' id='word_1_41' title='bbox 365 917 400 984; x_wconf 73' lang='grc' dir='ltr'><strong><em>δέ</em></strong></span> <span class='ocrx_word' id='word_1_42' title='bbox 416 921 525 994; x_wconf 86' lang='grc' dir='ltr'><strong><em>λίθος·</em></strong></span> <span class='ocrx_word' id='word_1_43' title='bbox 544 912 625 982; x_wconf 86' lang='grc' dir='ltr'><strong><em>κατά</em></strong></span> <span class='ocrx_word' id='word_1_44' title='bbox 643 911 674 980; x_wconf 77' lang='grc' dir='ltr'><strong><em>δ’</em></strong></span> <span class='ocrx_word' id='word_1_45' title='bbox 694 920 836 1000; x_wconf 76' lang='grc' dir='ltr'><strong><em>ἔπτηξαν</em></strong></span> <span class='ocrx_word' id='word_1_46' title='bbox 852 917 927 983; x_wconf 76' lang='grc' dir='ltr'><strong><em>ποτὶ</em></strong></span> <span class='ocrx_word' id='word_1_47' title='bbox 942 921 1021 1003; x_wconf 86' lang='grc' dir='ltr'><strong><em>γαίη</em></strong></span> <span class='ocrx_word' id='word_1_48' title='bbox 1080 931 1135 984; x_wconf 82' lang='grc'><strong><em>190</em></strong></span> 
     </span>
     <span class='ocr_line' id='line_1_8' title="bbox 179 1012 983 1100; baseline 0.002 -20"><span class='ocrx_word' id='word_1_49' title='bbox 179 1018 320 1098; x_wconf 85' lang='grc' dir='ltr'><strong><em>Φαίηκες</em></strong></span> <span class='ocrx_word' id='word_1_50' title='bbox 337 1013 572 1100; x_wconf 79' lang='grc' dir='ltr'><strong><em>δολιχήρετμοι,</em></strong></span> <span class='ocrx_word' id='word_1_51' title='bbox 589 1017 803 1081; x_wconf 82' lang='grc' dir='ltr'><strong><em>ναυσίκλυτοι</em></strong></span> <span class='ocrx_word' id='word_1_52' title='bbox 820 1012 949 1100; x_wconf 85' lang='grc' dir='ltr'><strong><em>ἀνδρες,</em></strong></span> <span class='ocrx_word' id='word_1_53' title='bbox 978 1059 983 1068; x_wconf 90' lang='lat'><em>·</em></span> 
     </span>
     <span class='ocr_line' id='line_1_9' title="bbox 177 1107 1020 1200; baseline 0 -21"><span class='ocrx_word' id='word_1_54' title='bbox 177 1119 257 1189; x_wconf 84' lang='grc' dir='ltr'><strong><em>λᾶος</em></strong></span> <span class='ocrx_word' id='word_1_55' title='bbox 271 1107 337 1178; x_wconf 81' lang='grc' dir='ltr'><strong><em>ὑπὸ</em></strong></span> <span class='ocrx_word' id='word_1_56' title='bbox 354 1115 463 1200; x_wconf 78' lang='grc' dir='ltr'><strong><em>ήιπής·</em></strong></span> <span class='ocrx_word' id='word_1_57' title='bbox 481 1108 498 1179; x_wconf 90' lang='grc' dir='ltr'>ὁ</span> <span class='ocrx_word' id='word_1_58' title='bbox 517 1109 548 1179; x_wconf 89' lang='grc' dir='ltr'><strong><em>δ’</em></strong></span> <span class='ocrx_word' id='word_1_59' title='bbox 565 1109 750 1196; x_wconf 78' lang='grc' dir='ltr'><strong><em>ὑπέρπτατο</em></strong></span> <span class='ocrx_word' id='word_1_60' title='bbox 768 1110 896 1197; x_wconf 90' lang='grc' dir='ltr'><strong><em>σήματα</em></strong></span> <span class='ocrx_word' id='word_1_61' title='bbox 911 1112 1020 1179; x_wconf 90' lang='grc' dir='ltr'><strong><em>πάντα</em></strong></span> 
     </span>
     <span class='ocr_line' id='line_1_10' title="bbox 178 1209 1065 1298; baseline 0.002 -22"><span class='ocrx_word' id='word_1_62' title='bbox 178 1211 283 1294; x_wconf 73' lang='grc' dir='ltr'><strong><em>ῥίμφα</em></strong></span> <span class='ocrx_word' id='word_1_63' title='bbox 298 1213 391 1277; x_wconf 88' lang='grc' dir='ltr'><strong><em>θέων</em></strong></span> <span class='ocrx_word' id='word_1_64' title='bbox 407 1209 472 1278; x_wconf 87' lang='grc' dir='ltr'><strong><em>ἀπὸ</em></strong></span> <span class='ocrx_word' id='word_1_65' title='bbox 489 1210 610 1297; x_wconf 83' lang='grc' dir='ltr'><strong><em>χειρός·</em></strong></span> <span class='ocrx_word' id='word_1_66' title='bbox 629 1217 730 1298; x_wconf 78' lang='grc' dir='ltr'><strong><em>ἔθηκε</em></strong></span> <span class='ocrx_word' id='word_1_67' title='bbox 747 1210 783 1279; x_wconf 72' lang='grc' dir='ltr'><strong><em>δὲ</em></strong></span> <span class='ocrx_word' id='word_1_68' title='bbox 798 1209 925 1296; x_wconf 81' lang='grc' dir='ltr'><strong><em>τέρματ’</em></strong></span> <span class='ocrx_word' id='word_1_69' title='bbox 942 1210 1065 1298; x_wconf 84' lang='grc' dir='ltr'><strong><em>Ἀθήνη</em></strong></span> 
     </span>
     <span class='ocr_line' id='line_1_11' title="bbox 177 1304 1059 1396; baseline 0.001 -21"><span class='ocrx_word' id='word_1_70' title='bbox 177 1304 275 1395; x_wconf 75' lang='grc' dir='ltr'><strong><em>ἀνδρὶ</em></strong></span> <span class='ocrx_word' id='word_1_71' title='bbox 292 1309 391 1396; x_wconf 84' lang='grc' dir='ltr'><strong><em>δέμας</em></strong></span> <span class='ocrx_word' id='word_1_72' title='bbox 407 1315 522 1394; x_wconf 79' lang='grc' dir='ltr'><strong><em>είκνῑα,</em></strong></span> <span class='ocrx_word' id='word_1_73' title='bbox 539 1313 616 1388; x_wconf 76' lang='grc' dir='ltr'><strong><em>ἔπος</em></strong></span> <span class='ocrx_word' id='word_1_74' title='bbox 630 1307 655 1374; x_wconf 89' lang='grc' dir='ltr'><strong><em>τ’</em></strong></span> <span class='ocrx_word' id='word_1_75' title='bbox 676 1308 765 1394; x_wconf 78' lang='grc' dir='ltr'><strong><em>ἔφατ’</em></strong></span> <span class='ocrx_word' id='word_1_76' title='bbox 783 1316 820 1378; x_wconf 85' lang='grc' dir='ltr'><strong><em>έκ</em></strong></span> <span class='ocrx_word' id='word_1_77' title='bbox 835 1306 861 1376; x_wconf 85' lang='grc' dir='ltr'><strong><em>τ’</em></strong></span> <span class='ocrx_word' id='word_1_78' title='bbox 879 1307 1059 1396; x_wconf 79' lang='grc' dir='ltr'><strong><em>ὀνόμαζεν·</em></strong></span> 
     </span>
    </p>

    <p class='ocr_par' dir='ltr' id='par_1_4' title="bbox 179 1406 1139 1794">
     <span class='ocr_line' id='line_1_12' title="bbox 221 1406 1139 1496; baseline 0.001 -21"><span class='ocrx_word' id='word_1_79' title='bbox 221 1458 241 1494; x_wconf 91' lang='grc'><strong><em>,,</em></strong></span> <span class='ocrx_word' id='word_1_80' title='bbox 249 1414 318 1476; x_wconf 88' lang='grc' dir='ltr'><strong><em>Καί</em></strong></span> <span class='ocrx_word' id='word_1_81' title='bbox 331 1406 357 1476; x_wconf 90' lang='grc' dir='ltr'><strong><em>κ’</em></strong></span> <span class='ocrx_word' id='word_1_82' title='bbox 377 1407 477 1486; x_wconf 90' lang='grc' dir='ltr'><strong><em>ἀλαός</em></strong></span> <span class='ocrx_word' id='word_1_83' title='bbox 492 1433 552 1495; x_wconf 91' lang='grc' dir='ltr'><strong><em>τοι,</em></strong></span> <span class='ocrx_word' id='word_1_84' title='bbox 570 1413 663 1494; x_wconf 75' lang='grc' dir='ltr'><strong><em>ξεῖνε,</em></strong></span> <span class='ocrx_word' id='word_1_85' title='bbox 681 1413 859 1496; x_wconf 79' lang='grc' dir='ltr'><strong><em>διακρίνειε</em></strong></span> <span class='ocrx_word' id='word_1_86' title='bbox 874 1406 918 1478; x_wconf 88' lang='grc' dir='ltr'><strong><em>τό,</em></strong></span> <span class='ocrx_word' id='word_1_87' title='bbox 931 1415 1020 1494; x_wconf 84' lang='grc' dir='ltr'><strong><em>σῆμα</em></strong></span> <span class='ocrx_word' id='word_1_88' title='bbox 1081 1423 1139 1476; x_wconf 73' lang='lat'><strong><em>195</em></strong></span> 
     </span>
     <span class='ocr_line' id='line_1_13' title="bbox 179 1503 1013 1596; baseline 0.001 -22"><span class='ocrx_word' id='word_1_89' title='bbox 179 1503 384 1592; x_wconf 88' lang='grc' dir='ltr'><strong><em>ἀμφαφόων·</em></strong></span> <span class='ocrx_word' id='word_1_90' title='bbox 402 1509 471 1576; x_wconf 77' lang='grc' dir='ltr'><strong><em>ἐπεὶ</em></strong></span> <span class='ocrx_word' id='word_1_91' title='bbox 488 1506 561 1574; x_wconf 81' lang='grc' dir='ltr'><strong><em>οάτι</em></strong></span> <span class='ocrx_word' id='word_1_92' title='bbox 576 1510 777 1593; x_wconf 75' lang='grc' dir='ltr'><strong><em>μεμιγμένον</em></strong></span> <span class='ocrx_word' id='word_1_93' title='bbox 792 1509 882 1575; x_wconf 75' lang='grc' dir='ltr'><strong><em>ἐστὶν</em></strong></span> <span class='ocrx_word' id='word_1_94' title='bbox 898 1505 1013 1596; x_wconf 78' lang='grc' dir='ltr'><strong><em>ὁμίλςο,</em></strong></span> 
     </span>
     <span class='ocr_line' id='line_1_14' title="bbox 179 1602 1102 1693; baseline 0 -21"><span class='ocrx_word' id='word_1_95' title='bbox 179 1603 261 1674; x_wconf 89' lang='grc' dir='ltr'><strong><em>ἀλλά</em></strong></span> <span class='ocrx_word' id='word_1_96' title='bbox 279 1604 365 1674; x_wconf 81' lang='grc' dir='ltr'><strong><em>πολὺ</em></strong></span> <span class='ocrx_word' id='word_1_97' title='bbox 381 1613 529 1690; x_wconf 77' lang='grc' dir='ltr'><strong><em>πρῶτον·</em></strong></span> <span class='ocrx_word' id='word_1_98' title='bbox 548 1604 591 1674; x_wconf 78' lang='grc' dir='ltr'><strong>σύ</strong></span> <span class='ocrx_word' id='word_1_99' title='bbox 609 1606 644 1676; x_wconf 71' lang='grc' dir='ltr'><strong><em>δὲ</em></strong></span> <span class='ocrx_word' id='word_1_100' title='bbox 659 1605 781 1693; x_wconf 86' lang='grc' dir='ltr'><strong><em>θάρσει</em></strong></span> <span class='ocrx_word' id='word_1_101' title='bbox 796 1605 894 1673; x_wconf 88' lang='grc' dir='ltr'><strong><em>τόνδε</em></strong></span> <span class='ocrx_word' id='word_1_102' title='bbox 911 1602 939 1690; x_wconf 90' lang='grc' dir='ltr'><strong><em>γ’</em></strong></span> <span class='ocrx_word' id='word_1_103' title='bbox 956 1603 1102 1673; x_wconf 85' lang='grc' dir='ltr'><strong><em>άεθλον·</em></strong></span> 
     </span>
     <span class='ocr_line' id='line_1_15' title="bbox 179 1702 959 1794; baseline 0 -22"><span class='ocrx_word' id='word_1_104' title='bbox 179 1702 269 1784; x_wconf 79' lang='grc' dir='ltr'><strong><em>οὔτις</em></strong></span> <span class='ocrx_word' id='word_1_105' title='bbox 286 1705 444 1794; x_wconf 80' lang='grc' dir='ltr'><strong><em>Φαιήκων</em></strong></span> <span class='ocrx_word' id='word_1_106' title='bbox 458 1704 544 1792; x_wconf 89' lang='grc' dir='ltr'><strong><em>τόνγ’</em></strong></span> <span class='ocrx_word' id='word_1_107' title='bbox 561 1710 659 1786; x_wconf 81' lang='grc' dir='ltr'><strong><em>ἵξεται</em></strong></span> <span class='ocrx_word' id='word_1_108' title='bbox 674 1704 749 1774; x_wconf 78' lang='grc' dir='ltr'><strong><em>οὐδ’</em></strong></span> <span class='ocrx_word' id='word_1_109' title='bbox 766 1703 959 1793; x_wconf 81' lang='grc' dir='ltr'><strong><em>ὑπερήσει.“</em></strong></span> 
     </span>
    </p>

    <p class='ocr_par' dir='ltr' id='par_1_5' title="bbox 180 1799 1144 2087">
     <span class='ocr_line' id='line_1_16' title="bbox 223 1799 1085 1890; baseline -0.003 -18"><span class='ocrx_word' id='word_1_110' title='bbox 223 1799 281 1880; x_wconf 76' lang='grc' dir='ltr'><strong><em>Ὧς</em></strong></span> <span class='ocrx_word' id='word_1_111' title='bbox 297 1803 393 1889; x_wconf 88' lang='grc' dir='ltr'><strong><em>φάτο,</em></strong></span> <span class='ocrx_word' id='word_1_112' title='bbox 410 1803 561 1890; x_wconf 84' lang='grc' dir='ltr'><strong><em>γήθησεν</em></strong></span> <span class='ocrx_word' id='word_1_113' title='bbox 577 1807 613 1872; x_wconf 81' lang='grc' dir='ltr'><strong><em>δὲ</em></strong></span> <span class='ocrx_word' id='word_1_114' title='bbox 628 1803 794 1882; x_wconf 82' lang='grc' dir='ltr'><strong><em>πολύτλας</em></strong></span> <span class='ocrx_word' id='word_1_115' title='bbox 809 1807 879 1882; x_wconf 73' lang='grc' dir='ltr'><strong><em>δῖος</em></strong></span> <span class='ocrx_word' id='word_1_116' title='bbox 895 1799 1085 1888; x_wconf 78' lang='grc' dir='ltr'><strong><em>Ὀδυσσεὺς,</em></strong></span> 
     </span>
     <span class='ocr_line' id='line_1_17' title="bbox 181 1899 1144 1989; baseline 0.001 -19"><span class='ocrx_word' id='word_1_117' title='bbox 181 1911 303 1988; x_wconf 64' lang='grc' dir='ltr'><strong><em>χαίρων</em></strong></span> <span class='ocrx_word' id='word_1_118' title='bbox 319 1900 422 1988; x_wconf 77' lang='grc' dir='ltr'><strong><em>οὕνεχ’</em></strong></span> <span class='ocrx_word' id='word_1_119' title='bbox 442 1904 572 1988; x_wconf 80' lang='grc' dir='ltr'><strong><em>ἑταῖρον</em></strong></span> <span class='ocrx_word' id='word_1_120' title='bbox 587 1905 682 1989; x_wconf 80' lang='grc' dir='ltr'><strong><em>ἐνηέα</em></strong></span> <span class='ocrx_word' id='word_1_121' title='bbox 698 1899 809 1971; x_wconf 74' lang='grc' dir='ltr'><strong><em>λεῦσά</em></strong></span> <span class='ocrx_word' id='word_1_122' title='bbox 825 1906 862 1969; x_wconf 87' lang='grc' dir='ltr'><strong><em>ἐν</em></strong></span> <span class='ocrx_word' id='word_1_123' title='bbox 878 1899 993 1988; x_wconf 74' lang='grc' dir='ltr'><strong><em>ἀγῶνι.</em></strong></span> <span class='ocrx_word' id='word_1_124' title='bbox 1085 1919 1144 1971; x_wconf 73' lang='grc' dir='ltr'><strong><em>νοω</em></strong></span> 
     </span>
     <span class='ocr_line' id='line_1_18' title="bbox 180 2000 1009 2087; baseline 0 -17"><span class='ocrx_word' id='word_1_125' title='bbox 180 2004 234 2070; x_wconf 82' lang='grc' dir='ltr'><strong><em>καὶ</em></strong></span> <span class='ocrx_word' id='word_1_126' title='bbox 250 2002 323 2068; x_wconf 90' lang='grc' dir='ltr'><strong><em>τότε</em></strong></span> <span class='ocrx_word' id='word_1_127' title='bbox 339 2000 546 2085; x_wconf 83' lang='grc' dir='ltr'><strong><em>κουφότερον</em></strong></span> <span class='ocrx_word' id='word_1_128' title='bbox 562 2000 746 2087; x_wconf 74' lang='grc' dir='ltr'><strong><em>μετεφώνεε</em></strong></span> <span class='ocrx_word' id='word_1_129' title='bbox 763 2002 967 2086; x_wconf 86' lang='grc' dir='ltr'><strong><em>Φαιήκεσσιν</em></strong></span> <span class='ocrx_word' id='word_1_130' title='bbox 1007 2067 1009 2070; x_wconf 84' lang='grc'><strong><em>,</em></strong></span> 
     </span>
    </p>

    <p class='ocr_par' dir='ltr' id='par_1_6' title="bbox 177 2095 1147 3570">
     <span class='ocr_line' id='line_1_19' title="bbox 221 2095 1142 2188; baseline -0.004 -21"><span class='ocrx_word' id='word_1_131' title='bbox 221 2107 376 2186; x_wconf 70' lang='grc' dir='ltr'><strong><em>,Τοῦτον</em></strong></span> <span class='ocrx_word' id='word_1_132' title='bbox 386 2106 452 2168; x_wconf 84' lang='grc' dir='ltr'><strong><em>νῦν</em></strong></span> <span class='ocrx_word' id='word_1_133' title='bbox 464 2098 636 2188; x_wconf 74' lang='grc' dir='ltr'><strong><em>ἀφίκεσθε,</em></strong></span> <span class='ocrx_word' id='word_1_134' title='bbox 644 2103 728 2168; x_wconf 90' lang='grc' dir='ltr'><strong><em>νέοι·</em></strong></span> <span class='ocrx_word' id='word_1_135' title='bbox 740 2099 822 2184; x_wconf 83' lang='grc' dir='ltr'><strong><em>τάχα</em></strong></span> <span class='ocrx_word' id='word_1_136' title='bbox 834 2097 864 2167; x_wconf 82' lang='grc' dir='ltr'><strong><em>δ’</em></strong></span> <span class='ocrx_word' id='word_1_137' title='bbox 873 2096 1017 2184; x_wconf 75' lang='grc' dir='ltr'><strong><em>’ὕστερον</em></strong></span> <span class='ocrx_word' id='word_1_138' title='bbox 1029 2095 1142 2165; x_wconf 86' lang='grc' dir='ltr'><strong><em>ἀλλον</em></strong></span> 
     </span>
     <span class='ocr_line' id='line_1_20' title="bbox 181 2193 888 2285; baseline 0 -20"><span class='ocrx_word' id='word_1_139' title='bbox 181 2197 274 2285; x_wconf 80' lang='grc' dir='ltr'><strong><em>ἥσειν</em></strong></span> <span class='ocrx_word' id='word_1_140' title='bbox 289 2193 311 2284; x_wconf 87' lang='grc' dir='ltr'><strong><em>ή</em></strong></span> <span class='ocrx_word' id='word_1_141' title='bbox 325 2205 509 2266; x_wconf 79' lang='grc' dir='ltr'><strong><em>τοσσοῦτον</em></strong></span> <span class='ocrx_word' id='word_1_142' title='bbox 524 2198 633 2284; x_wconf 86' lang='grc' dir='ltr'><strong><em>ὀΐομαι</em></strong></span> <span class='ocrx_word' id='word_1_143' title='bbox 648 2193 671 2285; x_wconf 84' lang='grc' dir='ltr'><strong><em>ή</em></strong></span> <span class='ocrx_word' id='word_1_144' title='bbox 687 2203 733 2266; x_wconf 84' lang='grc' dir='ltr'><strong><em>έτι</em></strong></span> <span class='ocrx_word' id='word_1_145' title='bbox 748 2205 888 2284; x_wconf 81' lang='grc' dir='ltr'><strong><em>μᾶσσον.</em></strong></span> 
     </span>
     <span class='ocr_line' id='line_1_21' title="bbox 180 2293 1008 2384; baseline -0.001 -21"><span class='ocrx_word' id='word_1_146' title='bbox 180 2304 246 2363; x_wconf 77' lang='grc' dir='ltr'><strong><em>των</em></strong></span> <span class='ocrx_word' id='word_1_147' title='bbox 265 2294 295 2363; x_wconf 86' lang='grc' dir='ltr'><strong><em>δ’</em></strong></span> <span class='ocrx_word' id='word_1_148' title='bbox 315 2293 427 2367; x_wconf 87' lang='grc' dir='ltr'><strong><em>άλλων</em></strong></span> <span class='ocrx_word' id='word_1_149' title='bbox 443 2295 537 2364; x_wconf 82' lang='grc' dir='ltr'><strong><em>ὅτινα</em></strong></span> <span class='ocrx_word' id='word_1_150' title='bbox 555 2301 671 2384; x_wconf 84' lang='grc' dir='ltr'><strong><em>κραδίη</em></strong></span> <span class='ocrx_word' id='word_1_151' title='bbox 688 2296 799 2382; x_wconf 86' lang='grc' dir='ltr'><strong><em>θνμός</em></strong></span> <span class='ocrx_word' id='word_1_152' title='bbox 815 2321 851 2364; x_wconf 90' lang='grc' dir='ltr'><strong><em>τε</em></strong></span> <span class='ocrx_word' id='word_1_153' title='bbox 869 2297 1008 2382; x_wconf 82' lang='grc' dir='ltr'><strong><em>κελεύει,</em></strong></span> 
     </span>
     <span class='ocr_line' id='line_1_22' title="bbox 179 2393 1142 2483; baseline -0.001 -20"><span class='ocrx_word' id='word_1_154' title='bbox 179 2393 267 2480; x_wconf 82' lang='grc' dir='ltr'><strong><em>δεῦρ’</em></strong></span> <span class='ocrx_word' id='word_1_155' title='bbox 285 2395 344 2481; x_wconf 87' lang='grc' dir='ltr'><strong><em>άγε</em></strong></span> <span class='ocrx_word' id='word_1_156' title='bbox 361 2396 562 2483; x_wconf 87' lang='grc' dir='ltr'><strong><em>πειρηθήτω,</em></strong></span> <span class='ocrx_word' id='word_1_157' title='bbox 582 2400 653 2464; x_wconf 79' lang='grc' dir='ltr'><strong><em>ἐπεί</em></strong></span> <span class='ocrx_word' id='word_1_158' title='bbox 666 2393 698 2482; x_wconf 89' lang='grc' dir='ltr'><strong><em>μ’</em></strong></span> <span class='ocrx_word' id='word_1_159' title='bbox 716 2394 898 2480; x_wconf 85' lang='grc' dir='ltr'><strong><em>έχολιόσατε</em></strong></span> <span class='ocrx_word' id='word_1_160' title='bbox 915 2401 1001 2481; x_wconf 89' lang='grc' dir='ltr'><strong><em>λίην,</em></strong></span> <span class='ocrx_word' id='word_1_161' title='bbox 1083 2411 1142 2463; x_wconf 74' lang='lat'><strong><em>205</em></strong></span> 
     </span>
     <span class='ocr_line' id='line_1_23' title="bbox 177 2491 945 2582; baseline 0 -21"><span class='ocrx_word' id='word_1_162' title='bbox 177 2493 200 2580; x_wconf 84' lang='grc' dir='ltr'><strong><em>ή</em></strong></span> <span class='ocrx_word' id='word_1_163' title='bbox 218 2493 282 2574; x_wconf 77' lang='grc' dir='ltr'><strong><em>πάξ</em></strong></span> <span class='ocrx_word' id='word_1_164' title='bbox 298 2493 336 2582; x_wconf 78' lang='grc' dir='ltr'><strong><em>ήδ</em></strong></span> <span class='ocrx_word' id='word_1_165' title='bbox 353 2495 441 2582; x_wconf 86' lang='grc' dir='ltr'><strong><em>πάλη</em></strong></span> <span class='ocrx_word' id='word_1_166' title='bbox 460 2491 482 2581; x_wconf 89' lang='grc' dir='ltr'><strong><em>ή</em></strong></span> <span class='ocrx_word' id='word_1_167' title='bbox 499 2496 554 2562; x_wconf 77' lang='grc' dir='ltr'><strong><em>καὶ</em></strong></span> <span class='ocrx_word' id='word_1_168' title='bbox 570 2495 678 2580; x_wconf 83' lang='grc' dir='ltr'><strong><em>ποσὶν,</em></strong></span> <span class='ocrx_word' id='word_1_169' title='bbox 696 2493 771 2561; x_wconf 80' lang='grc' dir='ltr'><strong><em>οὔτι</em></strong></span> <span class='ocrx_word' id='word_1_170' title='bbox 787 2500 945 2580; x_wconf 84' lang='grc' dir='ltr'><strong><em>μεγαίρω,</em></strong></span> 
     </span>
     <span class='ocr_line' id='line_1_24' title="bbox 181 2589 1032 2680; baseline -0.002 -20"><span class='ocrx_word' id='word_1_171' title='bbox 181 2593 317 2664; x_wconf 88' lang='grc' dir='ltr'><strong><em>πάντων</em></strong></span> <span class='ocrx_word' id='word_1_172' title='bbox 334 2593 492 2680; x_wconf 81' lang='grc' dir='ltr'><strong><em>Φαιήκων</em></strong></span> <span class='ocrx_word' id='word_1_173' title='bbox 508 2593 596 2679; x_wconf 89' lang='grc' dir='ltr'><strong><em>πλήν</em></strong></span> <span class='ocrx_word' id='word_1_174' title='bbox 612 2591 641 2679; x_wconf 88' lang='grc' dir='ltr'><strong><em>γ’</em></strong></span> <span class='ocrx_word' id='word_1_175' title='bbox 659 2589 765 2660; x_wconf 79' lang='grc' dir='ltr'><strong><em>αὐτοῦ</em></strong></span> <span class='ocrx_word' id='word_1_176' title='bbox 781 2591 1032 2678; x_wconf 77' lang='grc' dir='ltr'><strong><em>Λαοδάμαντος.</em></strong></span> 
     </span>
     <span class='ocr_line' id='line_1_25' title="bbox 179 2687 1080 2778; baseline -0.001 -18"><span class='ocrx_word' id='word_1_177' title='bbox 179 2701 283 2771; x_wconf 72' lang='grc' dir='ltr'><strong><em>ξεῖνος</em></strong></span> <span class='ocrx_word' id='word_1_178' title='bbox 299 2691 364 2778; x_wconf 91' lang='grc' dir='ltr'><strong><em>γάρ</em></strong></span> <span class='ocrx_word' id='word_1_179' title='bbox 382 2717 438 2777; x_wconf 89' lang='grc' dir='ltr'><strong><em>μοι</em></strong></span> <span class='ocrx_word' id='word_1_180' title='bbox 456 2689 507 2758; x_wconf 82' lang='grc' dir='ltr'><strong><em>ὅδ’</em></strong></span> <span class='ocrx_word' id='word_1_181' title='bbox 527 2695 609 2759; x_wconf 82' lang='grc' dir='ltr'><strong><em>ἐστί·</em></strong></span> <span class='ocrx_word' id='word_1_182' title='bbox 631 2699 679 2770; x_wconf 88' lang='grc' dir='ltr'><strong><em>τίς</em></strong></span> <span class='ocrx_word' id='word_1_183' title='bbox 697 2687 740 2758; x_wconf 89' lang='grc' dir='ltr'><strong><em>ἀν</em></strong></span> <span class='ocrx_word' id='word_1_184' title='bbox 758 2692 907 2776; x_wconf 84' lang='grc' dir='ltr'><strong><em>φιλέοντι</em></strong></span> <span class='ocrx_word' id='word_1_185' title='bbox 923 2690 1080 2776; x_wconf 73' lang='grc' dir='ltr'><strong><em>μάχοιτος</em></strong></span> 
     </span>
     <span class='ocr_line' id='line_1_26' title="bbox 179 2786 1021 2876; baseline 0 -20"><span class='ocrx_word' id='word_1_186' title='bbox 179 2789 299 2874; x_wconf 86' lang='grc' dir='ltr'><strong><em>ἀφρων</em></strong></span> <span class='ocrx_word' id='word_1_187' title='bbox 316 2787 356 2874; x_wconf 89' lang='grc' dir='ltr'><strong><em>δή</em></strong></span> <span class='ocrx_word' id='word_1_188' title='bbox 375 2786 483 2865; x_wconf 87' lang='grc' dir='ltr'><strong><em>κελνός</em></strong></span> <span class='ocrx_word' id='word_1_189' title='bbox 499 2814 536 2872; x_wconf 88' lang='grc' dir='ltr'><strong><em>γε</em></strong></span> <span class='ocrx_word' id='word_1_190' title='bbox 553 2790 607 2856; x_wconf 79' lang='grc' dir='ltr'><strong><em>καὶ</em></strong></span> <span class='ocrx_word' id='word_1_191' title='bbox 624 2786 799 2868; x_wconf 79' lang='grc' dir='ltr'><strong><em>οὐτιδανὸς</em></strong></span> <span class='ocrx_word' id='word_1_192' title='bbox 815 2793 907 2858; x_wconf 87' lang='grc' dir='ltr'><strong><em>πέλει</em></strong></span> <span class='ocrx_word' id='word_1_193' title='bbox 923 2787 1021 2876; x_wconf 89' lang='grc' dir='ltr'><strong><em>ἀνήρ,</em></strong></span> 
     </span>
     <span class='ocr_line' id='line_1_27' title="bbox 180 2885 1145 2974; baseline 0.004 -19"><span class='ocrx_word' id='word_1_194' title='bbox 180 2886 269 2966; x_wconf 84' lang='grc' dir='ltr'><strong><em>ὅστις</em></strong></span> <span class='ocrx_word' id='word_1_195' title='bbox 286 2885 462 2974; x_wconf 77' lang='grc' dir='ltr'><strong><em>ξεινοδόκῳ</em></strong></span> <span class='ocrx_word' id='word_1_196' title='bbox 479 2889 571 2971; x_wconf 79' lang='grc' dir='ltr'><strong><em>ἔριδα</em></strong></span> <span class='ocrx_word' id='word_1_197' title='bbox 586 2890 792 2974; x_wconf 87' lang='grc' dir='ltr'><strong><em>προφέρηται</em></strong></span> <span class='ocrx_word' id='word_1_198' title='bbox 808 2886 942 2957; x_wconf 82' lang='grc' dir='ltr'><strong><em>ἀέθλων</em></strong></span> <span class='ocrx_word' id='word_1_199' title='bbox 1086 2906 1145 2959; x_wconf 74' lang='lat'><strong><em>210</em></strong></span> 
     </span>
     <span class='ocr_line' id='line_1_28' title="bbox 181 2980 1062 3074; baseline 0.002 -22"><span class='ocrx_word' id='word_1_200' title='bbox 181 2985 273 3074; x_wconf 79' lang='grc' dir='ltr'><strong><em>δήμω</em></strong></span> <span class='ocrx_word' id='word_1_201' title='bbox 291 2987 329 3052; x_wconf 79' lang='grc' dir='ltr'><strong><em>ἐν</em></strong></span> <span class='ocrx_word' id='word_1_202' title='bbox 346 2980 538 3074; x_wconf 79' lang='grc' dir='ltr'><strong><em>ἀλλοδαπῷ·</em></strong></span> <span class='ocrx_word' id='word_1_203' title='bbox 560 2987 595 3052; x_wconf 76' lang='grc' dir='ltr'><strong><em>ἕο</em></strong></span> <span class='ocrx_word' id='word_1_204' title='bbox 614 2984 646 3052; x_wconf 88' lang='grc' dir='ltr'><strong><em>δ’</em></strong></span> <span class='ocrx_word' id='word_1_205' title='bbox 663 2983 769 3054; x_wconf 77' lang='grc' dir='ltr'><strong><em>αὐτοῦ</em></strong></span> <span class='ocrx_word' id='word_1_206' title='bbox 786 2987 895 3054; x_wconf 90' lang='grc' dir='ltr'><strong><em>πάντα</em></strong></span> <span class='ocrx_word' id='word_1_207' title='bbox 913 2989 1062 3056; x_wconf 83' lang='grc' dir='ltr'><strong><em>κολούει.</em></strong></span> 
     </span>
     <span class='ocr_line' id='line_1_29' title="bbox 179 3078 1105 3175; baseline 0.01 -27"><span class='ocrx_word' id='word_1_208' title='bbox 179 3089 246 3148; x_wconf 70' lang='grc' dir='ltr'><strong><em>τοῖν</em></strong></span> <span class='ocrx_word' id='word_1_209' title='bbox 265 3079 296 3146; x_wconf 88' lang='grc' dir='ltr'><strong><em>δ’</em></strong></span> <span class='ocrx_word' id='word_1_210' title='bbox 316 3078 426 3148; x_wconf 83' lang='grc' dir='ltr'><strong><em>ἀλλων</em></strong></span> <span class='ocrx_word' id='word_1_211' title='bbox 442 3080 484 3149; x_wconf 78' lang='grc' dir='ltr'><strong><em>οὔ</em></strong></span> <span class='ocrx_word' id='word_1_212' title='bbox 501 3084 561 3167; x_wconf 89' lang='grc' dir='ltr'><strong><em>πέρ</em></strong></span> <span class='ocrx_word' id='word_1_213' title='bbox 579 3082 638 3152; x_wconf 89' lang='grc' dir='ltr'><strong><em>τιν’</em></strong></span> <span class='ocrx_word' id='word_1_214' title='bbox 657 3083 835 3170; x_wconf 89' lang='grc' dir='ltr'><strong><em>ἀναίνομαι</em></strong></span> <span class='ocrx_word' id='word_1_215' title='bbox 851 3084 925 3153; x_wconf 80' lang='grc' dir='ltr'><strong><em>οὐδ’</em></strong></span> <span class='ocrx_word' id='word_1_216' title='bbox 945 3085 1105 3175; x_wconf 73' lang='grc' dir='ltr'><strong><em>ἀθερίζω,</em></strong></span> 
     </span>
     <span class='ocr_line' id='line_1_30' title="bbox 180 3177 941 3270; baseline 0.003 -22"><span class='ocrx_word' id='word_1_217' title='bbox 180 3177 246 3248; x_wconf 89' lang='grc' dir='ltr'><strong><em>ἀλλ’</em></strong></span> <span class='ocrx_word' id='word_1_218' title='bbox 258 3183 370 3248; x_wconf 82' lang='grc' dir='ltr'><strong><em>,ἐθέλω</em></strong></span> <span class='ocrx_word' id='word_1_219' title='bbox 386 3185 482 3266; x_wconf 80' lang='grc' dir='ltr'><strong><em>ἴδμεν</em></strong></span> <span class='ocrx_word' id='word_1_220' title='bbox 499 3185 553 3249; x_wconf 77' lang='grc' dir='ltr'><strong><em>καί</em></strong></span> <span class='ocrx_word' id='word_1_221' title='bbox 569 3184 810 3270; x_wconf 85' lang='grc' dir='ltr'><strong><em>πειρηθήμεναι</em></strong></span> <span class='ocrx_word' id='word_1_222' title='bbox 826 3182 941 3270; x_wconf 88' lang='grc' dir='ltr'><strong><em>άντην.</em></strong></span> 
     </span>
     <span class='ocr_line' id='line_1_31' title="bbox 179 3277 1146 3368; baseline 0.008 -24"><span class='ocrx_word' id='word_1_223' title='bbox 179 3278 287 3346; x_wconf 89' lang='grc' dir='ltr'><strong><em>πάντα</em></strong></span> <span class='ocrx_word' id='word_1_224' title='bbox 303 3278 367 3365; x_wconf 85' lang='grc' dir='ltr'><strong><em>γὰρ</em></strong></span> <span class='ocrx_word' id='word_1_225' title='bbox 385 3277 426 3347; x_wconf 76' lang='grc' dir='ltr'><strong><em>οὐ</em></strong></span> <span class='ocrx_word' id='word_1_226' title='bbox 437 3281 539 3359; x_wconf 89' lang='grc' dir='ltr'><strong><em>κακός</em></strong></span> <span class='ocrx_word' id='word_1_227' title='bbox 551 3287 624 3368; x_wconf 88' lang='grc' dir='ltr'><strong><em>είμι,</em></strong></span> <span class='ocrx_word' id='word_1_228' title='bbox 642 3278 708 3368; x_wconf 85' lang='grc' dir='ltr'><strong><em>μετ’</em></strong></span> <span class='ocrx_word' id='word_1_229' title='bbox 720 3281 885 3368; x_wconf 79' lang='grc' dir='ltr'><strong><em>ἀνδράσιν</em></strong></span> <span class='ocrx_word' id='word_1_230' title='bbox 896 3280 992 3352; x_wconf 85' lang='grc' dir='ltr'><strong><em>ὅσσοι</em></strong></span> <span class='ocrx_word' id='word_1_231' title='bbox 1004 3281 1146 3353; x_wconf 86' lang='grc' dir='ltr'><strong><em>άεθλοι.</em></strong></span> 
     </span>
     <span class='ocr_line' id='line_1_32' title="bbox 179 3368 1147 3466; baseline 0.01 -22"><span class='ocrx_word' id='word_1_232' title='bbox 179 3368 219 3444; x_wconf 61' lang='lat' dir='ltr'><strong><em>a}</em></strong></span> <span class='ocrx_word' id='word_1_233' title='bbox 236 3377 297 3461; x_wconf 74' lang='grc' dir='ltr'><strong><em>μὲν</em></strong></span> <span class='ocrx_word' id='word_1_234' title='bbox 313 3379 411 3458; x_wconf 78' lang='grc' dir='ltr'><strong><em>τόξον</em></strong></span> <span class='ocrx_word' id='word_1_235' title='bbox 427 3376 501 3446; x_wconf 79' lang='grc' dir='ltr'><strong><em>οἶδα</em></strong></span> <span class='ocrx_word' id='word_1_236' title='bbox 517 3379 635 3458; x_wconf 77' lang='grc' dir='ltr'><strong><em>ἐΰξοον</em></strong></span> <span class='ocrx_word' id='word_1_237' title='bbox 650 3379 914 3466; x_wconf 86' lang='grc' dir='ltr'><strong><em>ἀμφαφάασθαι·</em></strong></span> <span class='ocrx_word' id='word_1_238' title='bbox 1085 3399 1147 3454; x_wconf 75' lang='lat'><strong><em>21⁵</em></strong></span> 
     </span>
     <span class='ocr_line' id='line_1_33' title="bbox 180 3471 994 3570; baseline 0.014 -32"><span class='ocrx_word' id='word_1_239' title='bbox 180 3473 308 3555; x_wconf 76' lang='grc' dir='ltr'><strong><em>τρωτός</em></strong></span> <span class='ocrx_word' id='word_1_240' title='bbox 323 3471 349 3542; x_wconf 90' lang='grc' dir='ltr'><strong><em>κ’</em></strong></span> <span class='ocrx_word' id='word_1_241' title='bbox 368 3474 476 3560; x_wconf 85' lang='grc' dir='ltr'><strong><em>ἀνδρα</em></strong></span> <span class='ocrx_word' id='word_1_242' title='bbox 493 3477 626 3562; x_wconf 87' lang='grc' dir='ltr'><strong><em>βάλοιμι</em></strong></span> <span class='ocrx_word' id='word_1_243' title='bbox 643 3476 815 3558; x_wconf 75' lang='grc' dir='ltr'><strong><em>ὀιστεύσας</em></strong></span> <span class='ocrx_word' id='word_1_244' title='bbox 835 3482 872 3547; x_wconf 84' lang='grc' dir='ltr'><strong><em>έν</em></strong></span> <span class='ocrx_word' id='word_1_245' title='bbox 890 3477 994 3570; x_wconf 77' lang='grc' dir='ltr'><strong><em>ὁμίλῳ</em></strong></span> 
     </span>
    </p>
   </div>
   <div class='ocr_carea' id='block_1_3' title="bbox 0 0 1236 3910">
    <p class='ocr_par' dir='ltr' id='par_1_7' title="bbox 0 0 1236 3910">
     <span class='ocr_line' id='line_1_34' title="bbox 0 0 1236 3910; baseline 0 0"><span class='ocrx_word' id='word_1_246' title='bbox 0 0 1236 3910; x_wconf 95' lang='lat' dir='ltr'><strong><em> </em></strong></span> 
     </span>
    </p>
   </div>
  </div>
 </body>
</html>
