2452 3910
348 267 642 328 οκκεεκικε
665 272 723 346 vu.
955 268 1011 330 101

56 426 207 512 Αρήτηυ·
227 425 291 511 τήν
309 423 340 492 δ’
356 425 523 506 Ἀλκίνοος
536 425 684 514 ποιήσατ’
702 427 840 517 ἄκοιτιν,

53 531 109 594 καί
122 551 184 612 μιν
200 520 277 596 ἔειπ’
297 523 342 605 οἱς
358 523 449 604 ούτις
465 526 517 593 ἐπὶ
531 529 629 612 χθονὶ
645 534 746 596 τίεται
762 529 855 616 άλλη,

53 624 150 693 ὅσσαι
166 631 235 692 νῦν
250 650 289 710 γε
305 627 462 709 γυναῖκες
477 621 531 690 ὑπ’
548 623 714 712 ἀνδράσιν
729 626 823 695 οἷκον
839 634 980 713 ἔχουσιν.

55 721 96 802 ἀς
110 728 209 808 κείνη
224 725 301 809 περὶ
316 729 394 808 κῆρι
407 729 576 809 τετίμηταί
589 751 624 792 τε
641 729 696 793 καὶ
712 733 803 795 ἔστιν

53 829 88 890 ἔκ
104 849 140 891 τε
158 828 271 909 φίλων
287 827 416 891 παίδων
430 827 467 890 ἔκ
482 820 509 890 τ’
526 821 633 891 αὐτοῦ
646 823 827 894 Ἀλκινόοιο
981 841 1015 895 70

53 925 108 991 καὶ
122 930 230 1010 λαῶν,
251 926 286 990 οἵ
297 929 354 1006 μίν
370 925 412 1007 ῥα
427 919 514 990 θεόν
530 919 574 1002 ἀς
590 924 802 1007 εἰσορόωντες

54 1027 240 1108 δειδέχαται
255 1021 427 1107 μύθοισιν,
447 1020 503 1089 ὅτε
519 1021 661 1109 στείχησ’
681 1020 746 1089 ἀνά
762 1022 855 1092 ἀστυ.

54 1120 94 1189 ού
109 1122 177 1207 μὲν
191 1120 259 1206 γάρ
275 1147 308 1186 τι
323 1120 408 1188 νόον
423 1143 461 1204 γε
476 1123 533 1189 καὶ
548 1118 633 1206 αύτή
649 1121 779 1190 δεύεται
795 1127 935 1192 ἐσθλοῦ·

55 1215 140 1289 οἷσίν
156 1215 185 1286 τ’
202 1211 244 1285 εύ
261 1220 423 1306 φρονέῃσι
438 1221 494 1287 καὶ
511 1218 652 1304 ἀνδράσι
668 1227 778 1290 νείκεα
793 1223 872 1291 λύει

55 1329 86 1386 εί
96 1323 159 1387 κέν
176 1345 230 1384 τοι
247 1325 338 1404 κείνη
353 1343 392 1403 γε
409 1324 489 1404 φίλα
506 1318 666 1406 φρονέησ’
686 1324 736 1390 ε’νὶ
750 1331 863 1412 θυμῷ,
981 1339 1014 1392 λε

55 1418 188 1506 ἐλπωρή
204 1443 259 1485 τοι
273 1423 383 1486 ἔπειτα
399 1425 518 1503 φίλους
533 1416 559 1485 τ’
576 1420 677 1486 ἰδέειν
691 1421 747 1487 καὶ
763 1423 894 1489 ἱκέσθαι

55 1518 146 1588 οἶκον
164 1521 198 1597 ἐς
213 1514 397 1602 ὑψόροφον
413 1518 468 1585 καὶ
485 1515 550 1602 σήν
566 1522 599 1596 ἐς
615 1522 757 1604 πατρίδα
773 1525 905 1602 γαῖαν.“

93 1615 157 1698 Ὦς
175 1617 244 1701 ἀρα
262 1615 437 1704 φωνήσασ’
456 1615 561 1704 ἀπέβη
578 1625 769 1701 γλαυκῶπις
781 1615 905 1703 Ἀθήνη

54 1722 181 1788 πόντον
196 1712 246 1786 ἐπ’
265 1714 459 1802 ἀτρύγετον,
475 1724 550 1784 λίπε
568 1715 603 1784 δὲ
619 1721 764 1802 Σχερίην
779 1717 928 1802 ἐρατεινὴ
934 1746 961 1801 ν,

53 1823 139 1886 ἵκετο
157 1814 193 1885 δ’
211 1819 246 1896 ἐς
261 1823 466 1902 Μαραθῶνα
481 1817 538 1883 καὶ
555 1813 761 1900 εὐρυάγυιαν
772 1813 931 1904 Ἀθήνην,
981 1835 1015 1888 80

56 1924 133 1986 δῦνε
152 1917 186 1986 δῗ
207 1915 387 2002 Ἐρεχθῆος
403 1912 548 1984 πυκινόν
570 1915 684 2001 δόμον.
718 1913 823 2003 αὐτάρ
839 1914 1014 1996 Ὀδυσσεύς

52 2015 229 2084 Ἀλκινόου
243 2012 329 2100 πρὸς
344 2012 464 2100 δόρατ’Ι
482 2024 511 2082 ἴε
527 2015 648 2082 κλυτά·
668 2013 773 2106 πολλά
794 2020 832 2084 δέ
845 2020 879 2084 οἰ
892 2023 956 2103 κήρ

56 2113 190 2204 ὥρμαιν’
209 2117 387 2202 ἱσταμένῳ,
404 2114 485 2202 πρὶν
500 2113 644 2199 χάλκεον
660 2111 766 2180 ούδδυ
782 2115 923 2183 ἱκέσθαι.

55 2215 136 2284 όστε
151 2212 222 2300 γάρ
236 2210 351 2299 ήελίου
366 2223 462 2300 αλγλη
477 2214 578 2281 πέλεν
590 2211 629 2297 ήὲ
644 2213 784 2300 σελήνης

55 2320 147 2400 δῶμα
164 2309 245 2380 πάθ’
263 2309 429 2397 ὑψερεφὲς
444 2312 668 2398 μεγαλήτορος
680 2309 870 2382 Ἀλκινόοιο.
923 2386 924 2390 ,
981 2331 1016 2384 85
1124 2301 1125 2306 ¹

53 2415 188 2499 χάλκεοι
202 2411 269 2499 μὲν
283 2408 349 2498 γάρ
365 2425 467 2498 τοῖχοι
487 2408 628 2499 ἐληλέαά
644 2417 733 2479 ἔνθα
748 2415 804 2480 καὶ
820 2419 915 2498 ἔνθα,

55 2520 85 2594 ἐς
97 2513 210 2601 μυχόν
228 2517 266 2593 ἐξ
280 2511 401 2599 ούδοῦ,
423 2513 497 2597 περὶ
515 2512 551 2580 δὲ
567 2509 709 2596 θρυγκδς
725 2512 880 2578 κυάνοιο·

53 2615 205 2700 χρύσειαι
223 2611 261 2679 δὲ
277 2611 385 2693 θύραι
395 2610 545 2678 ’πυκινόν
563 2611 667 2696 δόμον
683 2607 778 2689 ε’ντός
795 2617 928 2695 ἔεργον·

55 2714 200 2800 σταθμοὶ
218 2709 251 2779 δ’
269 2707 426 2798 ἀργύρεοι
442 2713 479 2778 ἐν
493 2713 620 2800 χαλκέῳ
636 2711 779 2777 ἕστασαν
795 2707 895 2802 οὐδῷ,

54 2812 225 2900 ἀργύρεον
241 2809 272 2878 δ’
292 2808 342 2896 ἐφ’
356 2806 577 2896 ὑπερθύριον,
597 2813 719 2896 χρυσέη
737 2810 773 2876 δὲ
787 2810 929 2897 κορύνη.
967 2827 1015 2880 ·9o

55 2914 204 3001 χρύσειοι
221 2910 255 2979 δ’
275 2909 434 2996 ἑκάτερθε
449 2917 505 2978 καλ
521 2909 679 2997 ἀργύρεοι
694 2910 794 2987 κύνες
808 2901 904 2995 η’σαν,

56 3011 113 3093 ούς
122 3010 314 3100 Ἥφαιστος
329 3014 460 3091 ἔτευξεν
477 3017 601 3098 ίδυίησι
617 3012 836 3092 πραπίδεσσιν

56 3119 149 3200 δόμα
165 3113 419 3199 φυλασσέμεναι
434 3112 657 3198 μεγαλήτορος
668 3105 862 3195 Ἀλκινόοιο,

54 3211 254 3292 ἀθανάτους
270 3210 368 3290 όντας
382 3215 438 3279 καὶ
454 3210 586 3298 ἀγήρως
600 3209 709 3296 ήματα
725 3207 842 3275 πάντα.

54 3317 93 3379 ἐν
108 3313 143 3381 δὲ
159 3311 288 3396 θρόνοι
304 3313 380 3394 περὶ
395 3325 505 3397 τοίχου
521 3304 685 3396 ἐρηρέδατ’
703 3313 789 3378 ἔνθα
802 3310 858 3376 καὶ
874 3314 968 3394 ἔνθα,
980 3324 1014 3378 95

53 3416 90 3492 ἐς
102 3408 216 3500 μυχὸν
232 3415 266 3490 ἐξ
283 3407 397 3478 οὐδοῖο
414 3413 597 3496 διαμπερὲς,
617 3407 688 3477 ἕνθ’
705 3409 754 3476 ἐνὶ
769 3414 887 3476 πέπλοι

55 3513 170 3580 λεπτοὶ
190 3508 347 3596 ἐύννητοι
363 3510 536 3598 βεβλήατο,
554 3513 633 3595 ἔργα
647 3511 828 3594 γυναικῶν.
