2396 3914
184 245 245 309 19⁶
481 203 774 302 οννεεειιιε
797 243 843 300 ιιι.

184 404 391 480 κλαιόντεσσι
408 404 443 473 δὲ
457 415 563 470 τοισιν
578 398 728 488 ἐπήλυθε
744 401 891 488 νήδυμος
906 398 1020 480 ὕπνος.

182 503 266 599 ήμος
281 509 317 575 δὲ
330 509 423 592 τρίχα
437 499 557 581 νυκτός
572 507 646 588 ἔην,
656 497 737 587 μετά
753 497 785 568 θ’
802 498 907 583 ἄστρα
923 499 1068 586 βεβήκει,

185 601 292 695 ἄρσεν
307 610 360 674 ἔπι
374 609 455 692 ζαήν
469 601 596 690 ἄνεμον
611 604 850 688 νεφεληγερέτα
867 598 952 680 Ζεύς

184 713 318 778 λαίλαπι
330 708 503 792 θεσπεσίη,
520 700 586 770 σάν
600 701 635 770 δέ
649 706 803 787 νεφέεσσι
817 701 967 782 κάλυψεν

184 822 282 897 γαῖαν
297 803 382 892 ὁμοῦ
396 806 451 872 καλ
466 801 607 871 πόντον·
630 799 752 886 όριόρει
767 799 798 867 δ’
816 797 1008 884 οὐρανόθεν
1024 799 1095 878 υόξ.

184 900 268 995 ήμος
285 901 316 972 θ’
334 901 500 992 ήρνγένεια
517 901 609 987 φάνη
624 897 974 987 ήοιλοέάκτυλοςἨάς,
1087 914 1142 968 316

184 1013 249 1092 νῆα
263 1003 325 1091 μέν
339 999 541 1088 ὡρμίσαμεν,
555 1008 671 1069 κοίλου
688 1003 787 1080 σπέος
801 1000 1043 1086 εἰσερύσαντες·
1109 1008 1114 1018 ’

185 1110 271 1173 ένθα
287 1099 319 1170 θ’
334 1105 414 1170 ἔσαν
430 1100 604 1187 Νυμφέων
617 1101 714 1168 καλοὶ
728 1102 820 1187 χοροὶ
834 1097 892 1188 ήθλ
906 1101 1048 1169 θόωκοι·

184 1205 238 1271 καὶ
254 1199 317 1270 τότ’
334 1198 421 1286 ἐγάν
436 1197 564 1287 ἀγορήν
579 1200 723 1285 θέμενος
737 1198 825 1285 μετά,
836 1208 938 1268 πᾶσιν
954 1205 1067 1268 ἔειπον

225 1293 289 1387 ,Ὢ
305 1305 406 1387 φίλοι,
421 1302 458 1368 έν
474 1297 538 1385 γάρ
554 1304 613 1386 υηλ
625 1307 695 1388 θοῇ
710 1306 833 1388 βρῶσίς
845 1325 881 1368 τε
897 1300 993 1380 πόσις
1009 1327 1043 1368 τε
1088 1316 1144 1368 320

184 1408 281 1488 ἔστιν,
298 1407 365 1470 τῶν
382 1399 419 1470 δέ
432 1407 524 1487 βοῶν
539 1397 750 1488 ἀπεχοίμεθα,
767 1400 813 1486 μή
828 1425 859 1467 τι
874 1399 1052 1484 πάθωμεν·

184 1507 298 1570 δεινοῦ
312 1497 376 1587 γάρ
393 1506 480 1568 θεοῦ
493 1503 564 1566 αἴθε
580 1499 657 1586 βόες
671 1501 727 1568 καὶ
743 1508 817 1584 ι’φια
833 1506 930 1586 μῆλα,

182 1597 321 1687 Ἠελίου,
337 1593 375 1679 ὃς
390 1593 485 1666 πάντ’
502 1602 616 1688 ἐφορᾷ
626 1602 681 1666 καλ
696 1597 790 1666 πάντ’
806 1597 994 1667 έπακοόει.“

227 1695 288 1780 Ὦς
304 1699 445 1786 ἐφάμην,
461 1711 566 1766 τοῖσιν
581 1695 614 1765 θ’
630 1701 821 1768 ἐπεπείθετο
836 1697 947 1784 θυμὸς
964 1694 1114 1786 ἀγήνωρ.

183 1806 271 1886 μήνα
290 1799 325 1867 δὲ
342 1795 433 1866 πάντ’
446 1797 607 1884 ἄλληκτος
619 1798 662 1884 ἄη
674 1799 793 1886 Νότος,
811 1795 892 1868 οὐδέ
906 1826 955 1878 τις
972 1797 1076 1877 ἄλλος
1088 1814 1145 1868 325

182 1893 301 1987 γίγνετ’
318 1894 414 1966 ἔπειτ’
431 1894 573 1983 ἀνέμων,
589 1902 620 1966 εί
634 1895 678 1984 μή
695 1890 807 1983 Εόρός
822 1924 857 1966 τε
873 1897 983 1976 Νότος
999 1922 1042 1964 τε.
1192 1911 1193 1928 ’

182 2001 216 2066 οί
230 1995 261 2064 θ’
280 2001 355 2078 εἵως
370 2002 431 2084 μὲν
447 2012 539 2066 σῑτον
556 2003 632 2084 ἔχον
645 1999 700 2066 καὶ
716 1996 810 2065 οἶνον
824 1993 984 2084 ἐρυθρόν,

181 2096 289 2184 τόφρα
303 2104 395 2183 βοῶν
408 2094 568 2183 ἀπέχοντο
587 2097 790 2183 λιλαιόμενοι
803 2096 936 2184 βιότοιο.

181 2193 251 2264 ἀλλ’
267 2193 322 2264 ὅτε
339 2192 379 2279 δή
395 2193 475 2281 νηός
488 2197 641 2281 ἐξέφθιτο
656 2194 713 2284 ήῑα
727 2196 846 2283 πάντα,
1190 2287 1191 2290 ¹

181 2299 237 2365 καὶ
253 2292 293 2382 δή
309 2292 417 2381 ἄγρην
432 2297 617 2381 ἐφέπεσκον
633 2293 848 2382 ἀλητεύοντες
864 2295 1005 2384 ἀνάγκη,
1087 2315 1147 2366 330

181 2401 279 2482 ίχθῦς
295 2393 436 2482 ὄρνιθάς
449 2422 495 2480 τε,
512 2400 610 2482 φίλας
626 2392 646 2462 ὅ
661 2423 692 2463 τι
707 2409 816 2481 χεῖρας
830 2397 946 2480 ἵκοιτο,

180 2508 361 2581 γναμπτοῖς
377 2491 617 2582 ἀγκίστροισιν·
642 2501 744 2580 ἔτειρε
761 2495 797 2562 δὲ
811 2497 955 2580 γαστέρα
969 2493 1074 2581 λιμός.
1124 2533 1126 2536 -

182 2591 222 2678 δὴ
238 2590 302 2662 τότ’
319 2595 405 2679 έγων
422 2590 486 2661 ἀνά
502 2600 608 2680 νήσου
623 2590 809 2680 ἀπέστιχον,
826 2590 916 2678 ὄφρα
930 2602 1063 2661 θεοῖσιν

181 2689 349 2778 εὐξαίμην,
367 2701 399 2760 εἰ
410 2698 458 2770 τίς
474 2718 530 2778 μοι
545 2689 626 2762 &adv
641 2695 758 2780 φήνειε
774 2697 919 2761 νέεσθαι.

181 2787 248 2857 ἀλλ’
266 2788 320 2857 ὅτε
337 2787 377 2875 δή
395 2787 448 2858 θεά
464 2790 572 2876 νήσου
589 2791 650 2860 ίᾶν
666 2791 770 2876 ἤλυξα
787 2794 947 2877 ἑταίρους,
1085 2809 1145 2863 333

179 2901 287 2974 χεῖρας
301 2887 493 2975 νιψάμενος,
515 2886 570 2957 ὅθ’
586 2892 640 2959 ἐπὶ
654 2894 778 2970 σκέπας
792 2883 836 2977 ήυ
850 2889 997 2978 ἀνέμοιο,

178 2985 316 3073 ήράμηυ
332 2985 491 3056 πάντεσσι
506 2999 599 3068 θεοῖς
614 2995 649 3058 οἳ
662 2989 832 3075 Ὄλυμπον
848 2996 997 3075 ἔχουσιν·

178 3088 213 3152 οί
228 3082 258 3151 δ’
275 3082 340 3170 ἄρα
355 3112 411 3171 μοι
426 3085 558 3173 γλυκὺν
574 3086 684 3156 ὕπνον
699 3091 752 3156 ἐπὶ
768 3089 990 3175 βλεφάροισιν
1006 3097 1144 3177 ἔχευαν.

179 3179 371 3268 Εὐρύλοχος
386 3181 418 3250 δ’
436 3185 581 3273 ἑτάροισι
597 3195 701 3274 κακῆς
716 3187 866 3272 ἐξήρχετο
883 3195 1020 3274 βουλῆς.

217 3281 391 3364 ,,Κέιιλυτέ
404 3307 467 3366 μευ
477 3284 610 3370 μύθων,
626 3284 713 3352 κακά
728 3310 790 3370 περ
803 3285 985 3370 πάσχοντες
997 3287 1144 3372 ἑταῖροι·

178 3375 297 3455 πάντες
312 3377 374 3461 μὲν
390 3381 543 3465 στυγεροὶ
557 3381 702 3450 θάνατοι
718 3387 854 3450 δειλοῖσι
868 3390 1052 3473 βροτοῖσιν,
1086 3405 1143 3459 ³41

181 3479 263 3561 λιμῷ
277 3471 309 3539 δ’
328 3483 492 3544 οἴκτιστον
507 3482 645 3546 θανέειν
659 3483 714 3548 καὶ
729 3483 857 3563 πότμον
873 3485 1036 3551 ἐπισπεῖν.
