2460 3920
185 235 247 300 386
489 236 783 296 ΟΔΤΣΣΕΙΑΣ
806 239 847 297 Ω.

185 404 317 485 μείζονα
333 395 365 464 δ’
381 395 419 484 ήέ
434 391 540 482 πάρος
554 396 610 463 καὶ
627 396 780 465 πάσσονα
793 406 901 484 θῆκεν
917 401 1057 468 ἰδέσθαι.

183 501 219 565 έκ
236 493 267 565 δ’
286 495 478 586 ἀσαμίνθου
494 503 553 582 βῆ·
572 495 724 582 θαύμαζε
740 500 777 564 δέ
792 524 851 584 μιν
867 505 964 584 φίλος
979 495 1065 581 υίὸς,
1093 509 1150 566 3⁷0

184 593 228 676 ύς
245 602 318 666 ἔδεν
330 595 529 666 ἀθανάτοισι
544 603 637 674 θεοῖς
650 598 840 681 ἐναλίγκιον
856 597 978 684 άντην·

183 702 242 765 καί
253 724 311 784 μιν
327 695 486 783 φωνήσας
502 699 583 763 ἔπεα
599 694 780 780 πτερόεντα
796 695 987 784 προσηύδα·

225 787 290 882 „³52
306 793 420 881 πάτερ,
437 787 459 880 ῆ
474 793 564 880 μάλα
579 801 628 872 τίς
644 812 681 862 σε
695 801 789 863 θετόν
804 793 1037 883 αἰειγενετάων

183 893 268 974 είδός
281 919 317 963 τε
332 894 472 981 μέγεθός
488 919 523 961 τε
540 890 700 980 ἀμείνονα
716 899 825 980 θῆκεν
841 898 1009 963 ίδέσθαι.“

227 991 296 1062 Τόν
313 990 346 1061 δ’
365 984 408 1060 αύ
423 995 571 1078 Λαέρτης
587 993 797 1079 πεπνυμένος
812 990 928 1062 άντίον
943 991 1031 1080 ηύδα
1092 1004 1149 1060 375

181 1096 245 1182 ,αλ
255 1093 329 1178 γάρ,
348 1097 416 1159 Ζεύ
430 1115 465 1158 τε
481 1089 584 1176 πάτερ
600 1092 657 1159 καλ
666 1087 826 1180 Ἀθηναίη
843 1095 900 1161 καλ
910 1091 1089 1176 Ἄπολλον,

182 1187 250 1272 οἷος
265 1191 417 1277 Νήρικον
433 1186 533 1277 εἷλον,
551 1194 747 1277 ἐϋκτίμενον
760 1198 974 1280 πτολίεθρον,

181 1289 285 1377 άκτήν
299 1288 459 1375 ἠπείροιο,
477 1289 757 1377 Κεφαλλήνεσσιν
773 1287 942 1376 άνάσσων,

182 1403 267 1469 τοῖος
281 1388 347 1457 έτόν
362 1414 413 1456 τοι
428 1390 540 1474 χθιζός
556 1392 593 1456 ἐν
606 1386 793 1476 ἡμετέροισι
810 1390 974 1476 δόμοισιν,

179 1485 278 1575 τεύχε’
296 1493 381 1574 ἔχων
396 1486 545 1576 δόμοισιν,
563 1488 784 1580 ἐφεστάμεναι
800 1490 855 1556 καλ
870 1485 1016 1574 ἀμύνειν
1091 1499 1150 1554 380

180 1588 303 1676 ἄνδρας
319 1595 521 1676 μνηστῆρας·
543 1595 591 1676 τῷ
604 1613 643 1655 κε
659 1587 773 1673 σφέων
788 1585 921 1674 γούνατ’
940 1592 1042 1655 ἔλυσα

179 1693 313 1756 πολλῶν
329 1689 366 1755 ἐν
382 1687 564 1774 μεγάροισι,
586 1684 630 1754 σύ
648 1687 683 1756 δέ
699 1689 826 1773 φρένας
842 1693 942 1757 ἔνδον
957 1686 1120 1771 ίάυθης.“

221 1781 281 1864 Ὦς
297 1788 331 1853 οί
343 1788 405 1872 μὲν
419 1792 555 1854 τοιαῦτα
571 1786 654 1869 πρὸς
670 1783 837 1874 ἀλλήλους
854 1783 1031 1872 άγόρευον.

178 1887 211 1952 οί
225 1881 256 1950 δ’
276 1886 343 1952 ἐπεὶ
360 1876 423 1952 οὖν
438 1883 609 1954 παύσαντο
627 1885 735 1954 πόνου
750 1883 930 1960 τετύκοντό
945 1909 981 1952 τε
998 1888 1106 1964 δαῖτα,

177 1985 277 2071 ἑξείης
293 1985 402 2065 ἕζοντο
420 1982 501 2052 κατά
518 1984 679 2071 κλισμούς
694 2010 730 2053 τε
746 1984 897 2069 θρόνους
912 2009 962 2052 τε·
1092 1994 1148 2050 385

176 2080 244 2150 ἔνθ’
264 2087 297 2152 οί
308 2082 369 2170 μὲν
384 2088 506 2173 δείπνῳ
520 2088 716 2172 ἐπεχείρεον,
740 2081 920 2170 ἀγχίμολον
938 2080 974 2149 δὲ
1056 2113 1066 2128 =

176 2173 250 2266 ἦλθ’
272 2177 289 2248 ὁ
305 2183 411 2265 γέρων
428 2187 560 2271 Δολίος,
578 2183 644 2251 σύν
657 2181 690 2248 δ’
707 2185 790 2262 υίείς
804 2197 872 2251 τοῖο
888 2186 1057 2270 γέροντος,

177 2283 329 2366 έξέργωυ
347 2282 532 2370 μογέοντες,
553 2284 623 2352 ἐπεὶ
639 2289 858 2370 προμολοῦσα
879 2281 1043 2349 κάλεσσεν
1226 2329 1227 2366 5

176 2377 281 2464 μήτηρ
299 2385 403 2466 γρηῦς
418 2379 592 2468 Σικελῆ,”
569 2409 590 2469 η
609 2403 713 2468 σφεας
726 2384 829 2469 τρέφε
845 2385 905 2448 καί
917 2382 960 2468 ῥα
976 2380 1125 2467 γέροντα

176 2478 338 2556 ἐνδυκέως
353 2482 542 2566 κομέεσκεν,
559 2482 629 2549 ἐπεί
644 2478 727 2549 κατὰ
744 2487 851 2569 γῆρας
867 2483 1027 2566 ἔμαρψεν.
1089 2490 1144 2545 390
1225 2465 1226 2568 ή

176 2572 296 2641 σ’ίδ
274 2602 318 2654 ως
332 2569 395 2645 ούν
407 2576 548 2665 Ὀδυσῆα
565 2583 639 2648 ἔδον
629 2579 852 2668 ιφράσσαυτό
868 2605 904 2646 τε
917 2583 1033 2665 θυμῷ,
1223 2587 1225 2728 Ι

175 2675 272 2738 ἐστον
288 2675 336 2742 ἐυλ
350 2676 522 2760 μεγάροισι
536 2678 731 2764 τεθηπότες·
753 2674 860 2760 αύταρ
877 2671 1059 2753 Ὀδυσσεύς

174 2777 342 2884 μειλιχίοις
356 2774 485 2841 ἐπέεσσι
501 2777 757 2862 καθαπτόμενος
772 2775 973 2862 προσέειπεν

218 2854 279 2950 „³52
293 2873 403 2954 γέρον,
417 2869 456 2951 ἵζ’
468 2873 521 2942 ἐπὶ
535 2879 682 2962 δεῖπνον,
700 2871 978 2988 ἀπεκλελάθεσθε
996 2869 1033 2940 δέ
1048 2870 1142 2956 θάμ·

642 2981 734 3062 βευς·

176 3049 332 3147 δηρὸν
293 3090 358 3153 γαρ
376 3073 454 3156 σίτμ
468 3072 688 3158 ἐπιχειρήσειν
703 3079 874 3158 μεμαῶτες
1086 3082 1141 3138 395

175 3165 337 3260 μίμνομεν
353 3169 390 3234 έν
405 3167 570 3256 μεγάροις,
588 3168 692 3258 ύμέας
706 3171 938 3256 ποτιδέγμενοι
954 3173 1030 3236 αἰεί
1034 3175 1056 3211 “

217 3251 313 3338 Ὧδ’
291 3290 333 3348 αρ
332 3262 433 3352 ’ἔφη
455 3274 577 3348 Δολίος
592 3267 625 3338 δ
643 3268 723 3349 ίθύς
738 3275 790 3337 κίε
805 3281 893 3355 χεῖρε
908 3267 1077 3345 πετάσσας

174 3347 370 3447 ἆμφοτέρας,
391 3361 597 3443 Όδυσεύςδέ
612 3365 727 3455 λαβύν
742 3367 825 3436 κύσε
842 3362 919 3452 χεῖρ’
937 3368 993 3434 ἐπὶ
1009 3371 1140 3454 καρπῷ,

174 3455 232 3515 καί
241 3477 299 3536 μιν
313 3460 470 3547 φωνήσας
484 3467 561 3530 ἔπεα
576 3467 757 3550 πτερόεντα
775 3466 967 3555 προσηύδα·
