2492 3922
182 291 223 358 Ὠ
478 265 771 334 omnm
797 268 833 320 A.

181 456 252 538 όεία
269 445 300 516 δ’
318 442 499 528 ἀρίγνωτος
514 429 615 518 γόνος
632 422 750 510 ἀνέρος
766 412 830 510 ῶτε
846 425 1005 503 Κρονίων

181 551 284 638 ὅλβον
299 539 465 625 ἐπικλώσῃ
481 530 640 620 γαμέοντί
652 549 688 592 τε
703 521 883 608 γεινομένῳ
900 544 946 604 τε,

184 647 228 728 ῶς
242 653 308 715 νύν
325 643 469 720 Νέστορι
487 635 573 703 δῶκε
589 619 764 711 διαμπερὲς
780 616 887 705 ἤματα
905 615 1024 698 πάντα,

183 743 287 814 αὐτόν
305 742 366 828 μὲν
382 738 529 818 λιπαρῶς
546 725 754 814 γηρασκέμεν
770 721 807 786 έν
824 715 1029 804 μεγάροισιν,
1085 725 1139 778 21⁰

180 845 274 923 υίέοις
288 833 332 908 αὖ
349 829 511 908 πινυτούς
527 853 561 899 τε
578 825 634 894 καὶ
650 826 777 907 ἔγχεσιν
792 813 1060 902 εἶναιάρίστους.

184 944 275 1032 ἡμεῖς
293 941 328 1007 δὲ
346 925 523 1017 κλαυθμόν
539 923 600 1012 μὲν
616 921 769 1005 ἐάσομεν,
787 912 824 996 ὃς
840 915 920 999 πρὶν
936 910 1073 996 έτύχθη,

185 1043 313 1129 δόρπου
327 1033 359 1103 δ’
378 1037 504 1113 ἐξαῦτις
520 1021 735 1113 μνησόμεθα,
752 1016 844 1102 χερσὶ
864 1011 897 1081 δ’
915 1011 966 1098 ἐφ’
984 1007 1077 1092 ὕδωρ

185 1140 361 1228 χευάντων.
390 1137 495 1219 μῦθοι
512 1125 548 1193 δὲ
565 1125 618 1190 καὶ
636 1117 750 1206 η’ῶθέν
766 1139 828 1197 περ
848 1118 980 1180 ἔσονται

188 1235 366 1327 Τηλεμάχῳ
383 1229 438 1298 καὶ
455 1225 528 1313 έμολ
544 1219 731 1304 διαειπέμεν
748 1211 973 1298 άλλήλοισιν.“
1088 1221 1141 1272 215

230 1336 290 1417 Ὣς
306 1328 406 1420 ἔφατ’,
421 1326 605 1412 Ἀσφαλίων
624 1317 654 1385 δ’
667 1312 715 1403 ἄρ’
730 1312 822 1395 ὕδωρ
833 1311 884 1379 ἐπὶ
896 1321 1006 1394 χείρας
1016 1309 1143 1390 ἔχευεν,

187 1435 327 1524 ὀτρηρός
341 1427 501 1514 θεράπων
519 1416 699 1488 Μενελάου
715 1415 919 1495 κυδαλίμοιο.

183 1541 222 1606 οί
237 1531 264 1604 δ’
287 1529 333 1602 έτί
354 1522 478 1598 ὀνείαθ’
495 1525 606 1606 ἑτοῖμα
623 1517 823 1602 προκείμενα
840 1520 950 1592 χεῖρας
965 1511 1093 1574 ἴαλλον.

231 1623 327 1702 Ἔνθ’
341 1621 407 1696 αὖτ’
428 1619 496 1691 ἄλλ’
515 1613 623 1704 ε’νόηῶ
637 1612 749 1697 Ἑλένη
771 1605 851 1686 Διὸς
867 1608 1059 1690 ἐκγεγαυῖα·

189 1729 291 1803 αὐτίκ’
302 1725 352 1816 ἄρ’
365 1731 411 1804 είς
429 1721 522 1790 οἶνον
538 1715 619 1804 βάλε
631 1711 820 1798 φάρμακον,
838 1710 940 1774 ἐνθεν
950 1707 1078 1784 ἔπινον,
1090 1715 1145 1766 220

189 1831 354 1920 νηπενθές
370 1822 395 1891 τ’
413 1818 536 1906 ῶχολόν
551 1841 596 1898 τε,
615 1817 729 1879 κακῶν
744 1811 906 1892 ἐπίληθον
923 1799 1097 1876 ἁπάντων,

191 1929 226 2010 ὃς
242 1930 279 1996 τό
297 1919 539 2009 καταβρόξειεν,
558 1909 642 1998 ε’πὴν
658 1913 796 1995 κρητῆρι
813 1907 931 1990 μιγείη,

191 2027 233 2096 ού
251 2051 309 2094 κεν
324 2017 501 2109 ἐφημέριός
516 2039 554 2100 γε
571 2012 668 2099 βάλοι
685 2004 768 2076 κατὰ
787 2004 895 2085 δάκρυ
912 2004 1073 2086 παρειῶν,

192 2125 262 2195 οὐδ
280 2133 312 2193 εί
325 2127 359 2190 οί
374 2119 594 2198 κατατεθναίη
613 2109 719 2198 μήτηρ
737 2131 771 2172 τε
788 2101 895 2188 πατήρ
914 2125 959 2183 τε,
987 2103 992 2114 “

192 2223 269 2294 οὐδ’
287 2233 319 2292 εί
333 2224 368 2290 οί
382 2215 613 2303 προπάροιθεν
629 2201 795 2290 ἀδελφεόν
811 2197 831 2287 ἢ
849 2205 949 2285 φίλον
965 2193 1043 2263 υίόν
1093 2209 1150 2260 τεο

194 2329 301 2413 χαλκῶ
319 2320 470 2406 δηιόῳεν,
491 2308 558 2380 ὁδ’
578 2307 803 2394 ὀφθαλμοῖσιν
820 2298 938 2386 ὁρῷτο.

193 2437 265 2492 τοῖα
282 2414 366 2498 Διὸς
382 2412 534 2498 θυγάτηρ
552 2413 604 2493 έχε
623 2403 782 2491 φάρμακα
798 2395 985 2485 μητιόεντα,

192 2517 310 2605 ἐσθλὰ,
326 2516 366 2584 τά
386 2518 420 2580 οί
434 2509 640 2592 Πολύδαμνα
657 2503 772 2585 πόρεν,
792 2505 908 2574 Θῶνος
924 2493 1134 2578 παράκοιτις,

193 2623 373 2706 Αἰγυπτίη,
394 2617 436 2697 τῇ
451 2616 586 2676 πλείστα
604 2605 697 2689 φέρει
713 2603 866 2682 ζείδωρος
882 2591 1012 2678 ἄρουρα

194 2719 370 2804 φάρμακα,
399 2704 504 2776 πολλά
531 2707 592 2790 μὲν
621 2697 726 2768 ἐσθλά
750 2695 950 2782 μεμιγμένα,
979 2687 1087 2759 πολλὰ
1114 2693 1152 2758 δὲ

646 2795 769 2882 λαιά·
1098 2804 1155 2858 νου
1241 2815 1242 2818 ¹

193 2907 304 2998 ἰητρὸς
322 2905 357 2973 δὲ
375 2906 511 2978 ἕκαστος
527 2897 741 2982 ἐπιστάμενος
756 2898 831 2976 περὶ
847 2891 984 2958 πάντων

194 3005 403 3094 άνθρῶπων·
423 2993 525 3088 ἦγάρ
542 2993 710 3082 Παιήονός
727 2997 790 3061 είσι
805 2993 975 3076 γενέθλης.

194 3105 300 3188 αὐτὰρ
317 3105 389 3170 ε’πεί
403 3097 435 3186 ῥ’
454 3101 567 3184 ἐνέηκε
583 3098 720 3164 κέλευσέ
733 3118 768 3160 τε
786 3096 987 3176 οἰνοχοῆσαι,

112 3271 115 3277 .
193 3212 320 3288 ἐξαῦτις
337 3199 496 3288 μύθοισιν
514 3192 713 3282 άμειβομένη
731 3193 927 3276 προσέειπεν·

237 3303 403 3390 ,,Ἀτρείδη
421 3297 575 3364 Μενέλαε
602 3290 773 3375 διοτρεφὲς
789 3283 848 3372 ἠδὲ
865 3283 918 3352 καὶ
940 3286 1009 3350 οίδε
1100 3296 1159 3351 2³5

194 3403 329 3484 ἀνδρῶν
347 3402 479 3465 ἐσθλῶν
494 3396 608 3470 παῖδες
624 3429 643 3442 -
659 3387 741 3474 ἀτὰρ
758 3381 839 3462 θεός
855 3382 973 3450 ἄλλοτε
992 3381 1085 3470 ἄλλῳ
1129 3419 1132 3426 ·
1162 3449 1165 3454 ,

198 3496 281 3580 Ζεὺς
291 3493 425 3583 ἀγαθόν
435 3518 469 3560 τε
480 3492 584 3558 κακόν
595 3515 629 3556 τε
642 3489 740 3556 διδοῖ·
760 3483 899 3552 δύναται
911 3479 976 3569 γὰρ
987 3477 1122 3549 ἅπαντα
1135 3521 1157 3531 -
