<?xml version="1.0" encoding="UTF-8"?>
<!DOCTYPE html PUBLIC "-//W3C//DTD XHTML 1.0 Transitional//EN"
    "http://www.w3.org/TR/xhtml1/DTD/xhtml1-transitional.dtd">
<html xmlns="http://www.w3.org/1999/xhtml" xml:lang="en" lang="en">
 <head>
  <title>
</title>
<meta http-equiv="Content-Type" content="text/html;charset=utf-8" />
  <meta name='ocr-system' content='tesseract 3.04.00' />
  <meta name='ocr-capabilities' content='ocr_page ocr_carea ocr_par ocr_line ocrx_word'/>
</head>
<body>
  <div class='ocr_page' id='page_1' title='image "./homericarminaad00baumgoog_0153.png"; bbox 0 0 2452 3910; ppageno 0'>
   <div class='ocr_carea' id='block_1_1' title="bbox 214 260 870 326">
    <p class='ocr_par' dir='ltr' id='par_1_1' title="bbox 214 260 870 326">
     <span class='ocr_line' id='line_1_1' title="bbox 214 260 870 326; baseline -0.011 0"><span class='ocrx_word' id='word_1_1' title='bbox 214 260 278 326; x_wconf 71' lang='lat'><strong><em>128</em></strong></span> <span class='ocrx_word' id='word_1_2' title='bbox 519 261 811 320; x_wconf 71' lang='lat' dir='ltr'><strong><em>oamfflAz</em></strong></span> <span class='ocrx_word' id='word_1_3' title='bbox 836 261 870 322; x_wconf 87' lang='grc' dir='ltr'><strong><em>Θ.</em></strong></span> 
     </span>
    </p>
   </div>
   <div class='ocr_carea' id='block_1_2' title="bbox 177 418 1215 2490">
    <p class='ocr_par' dir='ltr' id='par_1_2' title="bbox 211 418 1039 510">
     <span class='ocr_line' id='line_1_2' title="bbox 211 418 1039 510; baseline -0.002 -20"><span class='ocrx_word' id='word_1_4' title='bbox 211 421 293 492; x_wconf 78' lang='grc' dir='ltr'><strong><em>οὔτε</em></strong></span> <span class='ocrx_word' id='word_1_5' title='bbox 309 449 341 490; x_wconf 91' lang='grc' dir='ltr'><strong><em>τι</em></strong></span> <span class='ocrx_word' id='word_1_6' title='bbox 356 427 573 510; x_wconf 78' lang='grc' dir='ltr'><strong><em>πημανθῆναι</em></strong></span> <span class='ocrx_word' id='word_1_7' title='bbox 590 426 646 488; x_wconf 82' lang='grc' dir='ltr'><strong><em>έπι</em></strong></span> <span class='ocrx_word' id='word_1_8' title='bbox 664 425 737 500; x_wconf 99' lang='grc' dir='ltr'><strong><em>δέος</em></strong></span> <span class='ocrx_word' id='word_1_9' title='bbox 754 418 826 488; x_wconf 78' lang='grc' dir='ltr'><strong><em>οὔτ’</em></strong></span> <span class='ocrx_word' id='word_1_10' title='bbox 844 418 1039 488; x_wconf 75' lang='grc' dir='ltr'><strong><em>ἀπολέσθαι.</em></strong></span> 
     </span>
    </p>

    <p class='ocr_par' dir='ltr' id='par_1_3' title="bbox 213 516 1172 806">
     <span class='ocr_line' id='line_1_3' title="bbox 215 516 1104 604; baseline 0 -16"><span class='ocrx_word' id='word_1_11' title='bbox 215 519 298 589; x_wconf 84' lang='grc' dir='ltr'><strong><em>ἀλλά</em></strong></span> <span class='ocrx_word' id='word_1_12' title='bbox 313 516 386 588; x_wconf 87' lang='grc' dir='ltr'><strong><em>τόδ’</em></strong></span> <span class='ocrx_word' id='word_1_13' title='bbox 406 517 451 598; x_wconf 74' lang='grc' dir='ltr'><strong><em>ὥς</em></strong></span> <span class='ocrx_word' id='word_1_14' title='bbox 467 541 546 586; x_wconf 90' lang='grc' dir='ltr'><strong><em>ποτε</em></strong></span> <span class='ocrx_word' id='word_1_15' title='bbox 563 518 687 599; x_wconf 81' lang='grc' dir='ltr'><strong><em>πατρὸς</em></strong></span> <span class='ocrx_word' id='word_1_16' title='bbox 704 519 791 604; x_wconf 77' lang='grc' dir='ltr'><strong><em>έγοδυ</em></strong></span> <span class='ocrx_word' id='word_1_17' title='bbox 806 517 957 598; x_wconf 88' lang='grc' dir='ltr'><strong><em>είπόυτος</em></strong></span> <span class='ocrx_word' id='word_1_18' title='bbox 973 517 1104 588; x_wconf 88' lang='grc' dir='ltr'><strong><em>ἀκουσα</em></strong></span> 
     </span>
     <span class='ocr_line' id='line_1_4' title="bbox 214 613 1172 704; baseline 0 -16"><span class='ocrx_word' id='word_1_19' title='bbox 214 621 425 704; x_wconf 76' lang='grc' dir='ltr'><strong><em>Ναυσιθόου,</em></strong></span> <span class='ocrx_word' id='word_1_20' title='bbox 443 613 481 697; x_wconf 79' lang='grc' dir='ltr'><strong><em>ἀς</em></strong></span> <span class='ocrx_word' id='word_1_21' title='bbox 498 622 621 703; x_wconf 82' lang='grc' dir='ltr'><strong><em>ἔφασκε</em></strong></span> <span class='ocrx_word' id='word_1_22' title='bbox 637 615 840 684; x_wconf 82' lang='grc' dir='ltr'><strong><em>Ποσειδάων’</em></strong></span> <span class='ocrx_word' id='word_1_23' title='bbox 857 615 1049 703; x_wconf 73' lang='grc' dir='ltr'><strong><em>ἀγάσασθαι</em></strong></span> <span class='ocrx_word' id='word_1_24' title='bbox 1115 634 1172 688; x_wconf 78' lang='grc'><strong><em>565</em></strong></span> 
     </span>
     <span class='ocr_line' id='line_1_5' title="bbox 213 713 1062 806; baseline -0.005 -19"><span class='ocrx_word' id='word_1_25' title='bbox 213 717 302 806; x_wconf 79' lang='grc' dir='ltr'><strong><em>ἡμῖν,</em></strong></span> <span class='ocrx_word' id='word_1_26' title='bbox 321 717 446 787; x_wconf 83' lang='grc' dir='ltr'><strong><em>οὕνεκα</em></strong></span> <span class='ocrx_word' id='word_1_27' title='bbox 465 719 590 804; x_wconf 79' lang='grc' dir='ltr'><strong><em>πομποὶ</em></strong></span> <span class='ocrx_word' id='word_1_28' title='bbox 606 716 773 802; x_wconf 81' lang='grc' dir='ltr'><strong><em>ἀπήμονές</em></strong></span> <span class='ocrx_word' id='word_1_29' title='bbox 790 721 881 802; x_wconf 82' lang='grc' dir='ltr'><strong><em>εἶμεν</em></strong></span> <span class='ocrx_word' id='word_1_30' title='bbox 897 713 1062 784; x_wconf 81' lang='grc' dir='ltr'><strong><em>ἁπάντων.</em></strong></span> 
     </span>
    </p>

    <p class='ocr_par' dir='ltr' id='par_1_4' title="bbox 214 813 918 905">
     <span class='ocr_line' id='line_1_6' title="bbox 214 813 918 905; baseline -0.006 -20"><span class='ocrx_word' id='word_1_31' title='bbox 214 825 263 905; x_wconf 82' lang='grc' dir='ltr'><strong><em>φῆ</em></strong></span> <span class='ocrx_word' id='word_1_32' title='bbox 279 821 358 884; x_wconf 78' lang='grc' dir='ltr'><strong><em>ποτὲ</em></strong></span> <span class='ocrx_word' id='word_1_33' title='bbox 375 816 532 902; x_wconf 79' lang='grc' dir='ltr'><strong><em>Φαιήκων</em></strong></span> <span class='ocrx_word' id='word_1_34' title='bbox 547 813 682 900; x_wconf 76' lang='grc' dir='ltr'><strong><em>ἀνδρῶν</em></strong></span> <span class='ocrx_word' id='word_1_35' title='bbox 701 813 837 901; x_wconf 80' lang='grc' dir='ltr'><strong><em>εὐεργέα</em></strong></span> <span class='ocrx_word' id='word_1_36' title='bbox 854 823 918 901; x_wconf 83' lang='grc' dir='ltr'><strong><em>νῆα</em></strong></span> 
     </span>
    </p>

    <p class='ocr_par' dir='ltr' id='par_1_5' title="bbox 213 912 934 1005">
     <span class='ocr_line' id='line_1_7' title="bbox 213 912 934 1005; baseline -0.006 -19"><span class='ocrx_word' id='word_1_37' title='bbox 213 919 250 986; x_wconf 81' lang='grc' dir='ltr'><strong><em>ἐκ</em></strong></span> <span class='ocrx_word' id='word_1_38' title='bbox 268 923 401 1004; x_wconf 81' lang='grc' dir='ltr'><strong><em>πομπῆς</em></strong></span> <span class='ocrx_word' id='word_1_39' title='bbox 417 913 579 984; x_wconf 82' lang='grc' dir='ltr'><strong><em>ἀνιοῦσαν</em></strong></span> <span class='ocrx_word' id='word_1_40' title='bbox 595 918 632 982; x_wconf 85' lang='grc' dir='ltr'><strong><em>έν</em></strong></span> <span class='ocrx_word' id='word_1_41' title='bbox 648 912 809 1002; x_wconf 73' lang='grc' dir='ltr'><strong><em>ἠεροειδέϊ</em></strong></span> <span class='ocrx_word' id='word_1_42' title='bbox 823 913 934 1005; x_wconf 75' lang='grc' dir='ltr'><strong><em>πόντῳ</em></strong></span> 
     </span>
    </p>

    <p class='ocr_par' dir='ltr' id='par_1_6' title="bbox 212 1010 1173 1302">
     <span class='ocr_line' id='line_1_8' title="bbox 213 1010 1139 1102; baseline -0.004 -19"><span class='ocrx_word' id='word_1_43' title='bbox 213 1016 412 1102; x_wconf 73' lang='grc' dir='ltr'><strong><em>ῥαισέμεναι,</em></strong></span> <span class='ocrx_word' id='word_1_44' title='bbox 430 1014 513 1100; x_wconf 89' lang='grc' dir='ltr'><strong><em>μέγα</em></strong></span> <span class='ocrx_word' id='word_1_45' title='bbox 531 1011 564 1080; x_wconf 86' lang='grc' dir='ltr'><strong><em>δ’</em></strong></span> <span class='ocrx_word' id='word_1_46' title='bbox 581 1010 660 1100; x_wconf 79' lang='grc' dir='ltr'><strong><em>ἡμίν</em></strong></span> <span class='ocrx_word' id='word_1_47' title='bbox 676 1010 754 1096; x_wconf 86' lang='grc' dir='ltr'><strong><em>όρος</em></strong></span> <span class='ocrx_word' id='word_1_48' title='bbox 769 1013 863 1080; x_wconf 88' lang='grc' dir='ltr'><strong><em>πόλει</em></strong></span> <span class='ocrx_word' id='word_1_49' title='bbox 880 1010 1139 1098; x_wconf 77' lang='grc' dir='ltr'><strong><em>ἀμφικαλύψειν.</em></strong></span> 
     </span>
     <span class='ocr_line' id='line_1_9' title="bbox 213 1108 1173 1206; baseline 0 -26"><span class='ocrx_word' id='word_1_50' title='bbox 213 1110 258 1192; x_wconf 79' lang='grc' dir='ltr'><strong><em>ἀς</em></strong></span> <span class='ocrx_word' id='word_1_51' title='bbox 274 1110 406 1206; x_wconf 86' lang='grc' dir='ltr'><strong><em>ἀγόρευ’</em></strong></span> <span class='ocrx_word' id='word_1_52' title='bbox 423 1110 440 1180; x_wconf 92' lang='grc' dir='ltr'>ὁ</span> <span class='ocrx_word' id='word_1_53' title='bbox 459 1115 581 1198; x_wconf 84' lang='grc' dir='ltr'><strong><em>γέρων·</em></strong></span> <span class='ocrx_word' id='word_1_54' title='bbox 602 1109 643 1178; x_wconf 92' lang='grc' dir='ltr'><strong><em>τά</em></strong></span> <span class='ocrx_word' id='word_1_55' title='bbox 661 1115 699 1179; x_wconf 90' lang='grc' dir='ltr'><strong><em>δέ</em></strong></span> <span class='ocrx_word' id='word_1_56' title='bbox 713 1137 772 1179; x_wconf 92' lang='grc' dir='ltr'><strong><em>κεν</em></strong></span> <span class='ocrx_word' id='word_1_57' title='bbox 788 1109 870 1192; x_wconf 80' lang='grc' dir='ltr'><strong><em>θεὸς</em></strong></span> <span class='ocrx_word' id='word_1_58' title='bbox 885 1108 908 1198; x_wconf 76' lang='grc' dir='ltr'><em>ἢ</em></span> <span class='ocrx_word' id='word_1_59' title='bbox 924 1113 1096 1198; x_wconf 81' lang='grc' dir='ltr'><strong><em>τελέσειεν,</em></strong></span> <span class='ocrx_word' id='word_1_60' title='bbox 1114 1127 1173 1184; x_wconf 77' lang='grc'><strong><em>570</em></strong></span> 
     </span>
     <span class='ocr_line' id='line_1_10' title="bbox 212 1208 999 1302; baseline 0 -24"><span class='ocrx_word' id='word_1_61' title='bbox 212 1211 234 1298; x_wconf 75' lang='grc' dir='ltr'><strong><em>ἦ</em></strong></span> <span class='ocrx_word' id='word_1_62' title='bbox 251 1209 278 1278; x_wconf 89' lang='grc' dir='ltr'><strong><em>κ’</em></strong></span> <span class='ocrx_word' id='word_1_63' title='bbox 296 1209 435 1280; x_wconf 80' lang='grc' dir='ltr'><strong><em>ἀτέλεστ’</em></strong></span> <span class='ocrx_word' id='word_1_64' title='bbox 452 1220 513 1296; x_wconf 69' lang='grc' dir='ltr'><strong><em>εἴη,</em></strong></span> <span class='ocrx_word' id='word_1_65' title='bbox 532 1208 576 1290; x_wconf 83' lang='grc' dir='ltr'><strong><em>ἀς</em></strong></span> <span class='ocrx_word' id='word_1_66' title='bbox 593 1213 626 1277; x_wconf 94' lang='grc' dir='ltr'><strong><em>οί</em></strong></span> <span class='ocrx_word' id='word_1_67' title='bbox 642 1217 742 1300; x_wconf 83' lang='grc' dir='ltr'><strong><em>φίλον</em></strong></span> <span class='ocrx_word' id='word_1_68' title='bbox 758 1216 872 1280; x_wconf 78' lang='grc' dir='ltr'><strong><em>ἔπλετο</em></strong></span> <span class='ocrx_word' id='word_1_69' title='bbox 889 1218 999 1302; x_wconf 76' lang='grc' dir='ltr'><strong><em>θυμῷ.</em></strong></span> 
     </span>
    </p>

    <p class='ocr_par' dir='ltr' id='par_1_7' title="bbox 213 1308 1069 1498">
     <span class='ocr_line' id='line_1_11' title="bbox 213 1308 1069 1398; baseline 0 -19"><span class='ocrx_word' id='word_1_70' title='bbox 213 1308 282 1380; x_wconf 89' lang='grc' dir='ltr'><strong><em>ἀλλ’</em></strong></span> <span class='ocrx_word' id='word_1_71' title='bbox 302 1309 361 1396; x_wconf 87' lang='grc' dir='ltr'><strong><em>ἀγε</em></strong></span> <span class='ocrx_word' id='word_1_72' title='bbox 377 1335 433 1396; x_wconf 88' lang='grc' dir='ltr'><strong><em>μοι</em></strong></span> <span class='ocrx_word' id='word_1_73' title='bbox 448 1309 524 1377; x_wconf 86' lang='grc' dir='ltr'><strong><em>τόδε</em></strong></span> <span class='ocrx_word' id='word_1_74' title='bbox 541 1308 610 1377; x_wconf 77' lang='grc' dir='ltr'><strong><em>εἰπέ</em></strong></span> <span class='ocrx_word' id='word_1_75' title='bbox 629 1312 684 1377; x_wconf 80' lang='grc' dir='ltr'><strong><em>καὶ</em></strong></span> <span class='ocrx_word' id='word_1_76' title='bbox 701 1308 863 1393; x_wconf 79' lang='grc' dir='ltr'><strong><em>ἀτρεκέως</em></strong></span> <span class='ocrx_word' id='word_1_77' title='bbox 879 1311 1069 1398; x_wconf 80' lang='grc' dir='ltr'><strong><em>κατάλεξον,</em></strong></span> 
     </span>
     <span class='ocr_line' id='line_1_12' title="bbox 213 1407 1043 1498; baseline 0.001 -21"><span class='ocrx_word' id='word_1_78' title='bbox 213 1409 305 1498; x_wconf 77' lang='grc' dir='ltr'><strong><em>ὅππῃ</em></strong></span> <span class='ocrx_word' id='word_1_79' title='bbox 322 1407 558 1494; x_wconf 75' lang='grc' dir='ltr'><strong><em>ἀπεπλάγχθης</em></strong></span> <span class='ocrx_word' id='word_1_80' title='bbox 574 1432 609 1475; x_wconf 92' lang='grc' dir='ltr'><strong><em>τε</em></strong></span> <span class='ocrx_word' id='word_1_81' title='bbox 627 1409 682 1476; x_wconf 82' lang='grc' dir='ltr'><strong><em>καί</em></strong></span> <span class='ocrx_word' id='word_1_82' title='bbox 699 1407 834 1488; x_wconf 80' lang='grc' dir='ltr'><strong><em>ἅστινας</em></strong></span> <span class='ocrx_word' id='word_1_83' title='bbox 848 1414 918 1478; x_wconf 81' lang='grc' dir='ltr'><strong><em>λκεο</em></strong></span> <span class='ocrx_word' id='word_1_84' title='bbox 933 1409 1043 1496; x_wconf 74' lang='grc' dir='ltr'><strong><em>χώρας</em></strong></span> 
     </span>
    </p>

    <p class='ocr_par' dir='ltr' id='par_1_8' title="bbox 177 1500 1062 1596">
     <span class='ocr_line' id='line_1_13' title="bbox 177 1500 1062 1596; baseline -0.002 -18"><span class='ocrx_word' id='word_1_85' title='bbox 177 1517 180 1524; x_wconf 87' lang='grc'><strong>’</strong></span> <span class='ocrx_word' id='word_1_86' title='bbox 209 1509 415 1596; x_wconf 75' lang='grc' dir='ltr'><strong><em>ἀνθρώπων,</em></strong></span> <span class='ocrx_word' id='word_1_87' title='bbox 433 1504 555 1587; x_wconf 76' lang='grc' dir='ltr'><strong><em>αὐτούς</em></strong></span> <span class='ocrx_word' id='word_1_88' title='bbox 572 1533 606 1575; x_wconf 89' lang='grc' dir='ltr'><strong><em>τε</em></strong></span> <span class='ocrx_word' id='word_1_89' title='bbox 624 1507 742 1588; x_wconf 85' lang='grc' dir='ltr'><strong><em>πόλιάς</em></strong></span> <span class='ocrx_word' id='word_1_90' title='bbox 755 1506 781 1575; x_wconf 91' lang='grc' dir='ltr'><strong><em>τ’</em></strong></span> <span class='ocrx_word' id='word_1_91' title='bbox 795 1500 834 1575; x_wconf 86' lang='grc' dir='ltr'><strong><em>εά</em></strong></span> <span class='ocrx_word' id='word_1_92' title='bbox 851 1510 1062 1596; x_wconf 74' lang='grc' dir='ltr'><strong><em>ναιεταώσας,</em></strong></span> 
     </span>
    </p>

    <p class='ocr_par' dir='ltr' id='par_1_9' title="bbox 212 1604 1172 1794">
     <span class='ocr_line' id='line_1_14' title="bbox 212 1604 1172 1698; baseline 0.004 -22"><span class='ocrx_word' id='word_1_93' title='bbox 212 1607 296 1698; x_wconf 80' lang='grc' dir='ltr'><strong><em>ἠμέν</em></strong></span> <span class='ocrx_word' id='word_1_94' title='bbox 313 1607 386 1676; x_wconf 84' lang='grc' dir='ltr'><strong><em>ὅσοι</em></strong></span> <span class='ocrx_word' id='word_1_95' title='bbox 401 1611 541 1693; x_wconf 88' lang='grc' dir='ltr'><strong><em>χαλεποί</em></strong></span> <span class='ocrx_word' id='word_1_96' title='bbox 553 1632 588 1674; x_wconf 87' lang='grc' dir='ltr'><strong><em>τε</em></strong></span> <span class='ocrx_word' id='word_1_97' title='bbox 605 1607 660 1675; x_wconf 80' lang='grc' dir='ltr'><strong><em>καί</em></strong></span> <span class='ocrx_word' id='word_1_98' title='bbox 676 1607 786 1693; x_wconf 86' lang='grc' dir='ltr'><strong><em>ἀγριοι</em></strong></span> <span class='ocrx_word' id='word_1_99' title='bbox 803 1604 882 1674; x_wconf 71' lang='grc' dir='ltr'><strong><em>οὐδὲ</em></strong></span> <span class='ocrx_word' id='word_1_100' title='bbox 899 1611 1029 1695; x_wconf 88' lang='grc' dir='ltr'><strong><em>δίκαιοι,</em></strong></span> <span class='ocrx_word' id='word_1_101' title='bbox 1112 1622 1172 1681; x_wconf 74' lang='grc'><strong><em>575</em></strong></span> 
     </span>
     <span class='ocr_line' id='line_1_15' title="bbox 212 1704 1026 1794; baseline -0.005 -18"><span class='ocrx_word' id='word_1_102' title='bbox 212 1714 294 1777; x_wconf 82' lang='grc' dir='ltr'><strong><em>οἵτε</em></strong></span> <span class='ocrx_word' id='word_1_103' title='bbox 312 1707 504 1793; x_wconf 76' lang='grc' dir='ltr'><strong><em>φιλόξεινοι,</em></strong></span> <span class='ocrx_word' id='word_1_104' title='bbox 523 1712 580 1774; x_wconf 92' lang='grc' dir='ltr'><strong><em>καί</em></strong></span> <span class='ocrx_word' id='word_1_105' title='bbox 595 1726 678 1792; x_wconf 83' lang='grc' dir='ltr'><strong><em>σφιν</em></strong></span> <span class='ocrx_word' id='word_1_106' title='bbox 694 1704 772 1786; x_wconf 90' lang='grc' dir='ltr'><strong><em>νόος</em></strong></span> <span class='ocrx_word' id='word_1_107' title='bbox 788 1708 855 1775; x_wconf 77' lang='grc' dir='ltr'><strong><em>ἐστὶ</em></strong></span> <span class='ocrx_word' id='word_1_108' title='bbox 872 1707 1026 1794; x_wconf 80' lang='grc' dir='ltr'><strong><em>θεουδής.</em></strong></span> 
     </span>
    </p>

    <p class='ocr_par' dir='ltr' id='par_1_10' title="bbox 213 1804 1104 1990">
     <span class='ocr_line' id='line_1_16' title="bbox 213 1804 1104 1895; baseline -0.001 -20"><span class='ocrx_word' id='word_1_109' title='bbox 213 1806 280 1875; x_wconf 75' lang='grc' dir='ltr'><strong><em>είπὲ</em></strong></span> <span class='ocrx_word' id='word_1_110' title='bbox 297 1804 329 1873; x_wconf 90' lang='grc' dir='ltr'><strong><em>δ’</em></strong></span> <span class='ocrx_word' id='word_1_111' title='bbox 348 1804 367 1872; x_wconf 84' lang='grc' dir='ltr'>ὅ</span> <span class='ocrx_word' id='word_1_112' title='bbox 385 1829 416 1871; x_wconf 85' lang='grc' dir='ltr'><strong><em>τι</em></strong></span> <span class='ocrx_word' id='word_1_113' title='bbox 433 1810 555 1882; x_wconf 83' lang='grc' dir='ltr'><strong><em>κλαίεις</em></strong></span> <span class='ocrx_word' id='word_1_114' title='bbox 569 1806 625 1873; x_wconf 81' lang='grc' dir='ltr'><strong><em>καὶ</em></strong></span> <span class='ocrx_word' id='word_1_115' title='bbox 641 1804 778 1890; x_wconf 75' lang='grc' dir='ltr'><strong><em>ὀδύρεαι</em></strong></span> <span class='ocrx_word' id='word_1_116' title='bbox 795 1809 911 1873; x_wconf 83' lang='grc' dir='ltr'><strong><em>ἔνδοθι</em></strong></span> <span class='ocrx_word' id='word_1_117' title='bbox 928 1813 1029 1895; x_wconf 75' lang='grc' dir='ltr'><strong><em>θυμῷ</em></strong></span> <span class='ocrx_word' id='word_1_118' title='bbox 1098 1867 1104 1874; x_wconf 95' lang='grc'>.</span> 
     </span>
     <span class='ocr_line' id='line_1_17' title="bbox 215 1899 985 1990; baseline -0.004 -17"><span class='ocrx_word' id='word_1_119' title='bbox 215 1909 364 1990; x_wconf 79' lang='grc' dir='ltr'><strong><em>Αργείοιν</em></strong></span> <span class='ocrx_word' id='word_1_120' title='bbox 379 1909 529 1970; x_wconf 73' lang='grc' dir='ltr'><strong><em>Δαναῶν</em></strong></span> <span class='ocrx_word' id='word_1_121' title='bbox 544 1899 601 1988; x_wconf 79' lang='grc' dir='ltr'><strong><em>ἠδ’</em></strong></span> <span class='ocrx_word' id='word_1_122' title='bbox 619 1900 717 1971; x_wconf 82' lang='grc' dir='ltr'><strong><em>Ἰλίου</em></strong></span> <span class='ocrx_word' id='word_1_123' title='bbox 734 1902 825 1972; x_wconf 81' lang='grc' dir='ltr'><strong><em>σίτου</em></strong></span> <span class='ocrx_word' id='word_1_124' title='bbox 841 1900 985 1972; x_wconf 84' lang='grc' dir='ltr'><strong><em>ἀκούων.</em></strong></span> 
     </span>
    </p>

    <p class='ocr_par' dir='ltr' id='par_1_11' title="bbox 210 2000 1215 2289">
     <span class='ocr_line' id='line_1_18' title="bbox 211 2000 1103 2092; baseline 0.001 -20"><span class='ocrx_word' id='word_1_125' title='bbox 211 2003 270 2072; x_wconf 85' lang='grc' dir='ltr'><strong><em>τὸν</em></strong></span> <span class='ocrx_word' id='word_1_126' title='bbox 288 2003 324 2072; x_wconf 72' lang='grc' dir='ltr'><strong><em>δὲ</em></strong></span> <span class='ocrx_word' id='word_1_127' title='bbox 340 2005 416 2070; x_wconf 79' lang='grc' dir='ltr'><strong><em>θεοὶ</em></strong></span> <span class='ocrx_word' id='word_1_128' title='bbox 432 2000 493 2088; x_wconf 70' lang='grc' dir='ltr'><strong><em>μὲν</em></strong></span> <span class='ocrx_word' id='word_1_129' title='bbox 510 2006 639 2088; x_wconf 82' lang='grc' dir='ltr'><strong><em>τεῦξαν,</em></strong></span> <span class='ocrx_word' id='word_1_130' title='bbox 658 2003 886 2072; x_wconf 74' lang='grc' dir='ltr'><strong><em>ἐπεκλώσαντο</em></strong></span> <span class='ocrx_word' id='word_1_131' title='bbox 904 2002 938 2072; x_wconf 89' lang='grc' dir='ltr'><strong><em>δ’</em></strong></span> <span class='ocrx_word' id='word_1_132' title='bbox 956 2001 1103 2092; x_wconf 82' lang='grc' dir='ltr'><strong><em>ὄλεθρον</em></strong></span> 
     </span>
     <span class='ocr_line' id='line_1_19' title="bbox 211 2093 1215 2190; baseline 0.002 -19"><span class='ocrx_word' id='word_1_133' title='bbox 211 2103 415 2187; x_wconf 69' lang='grc' dir='ltr'><strong><em>ἀνθρώποις,</em></strong></span> <span class='ocrx_word' id='word_1_134' title='bbox 432 2105 488 2169; x_wconf 80' lang='grc' dir='ltr'><strong><em>ἵνα</em></strong></span> <span class='ocrx_word' id='word_1_135' title='bbox 503 2093 560 2188; x_wconf 75' lang='grc' dir='ltr'><strong><em>ᾖσι</em></strong></span> <span class='ocrx_word' id='word_1_136' title='bbox 576 2101 631 2168; x_wconf 78' lang='grc' dir='ltr'><strong><em>καὶ</em></strong></span> <span class='ocrx_word' id='word_1_137' title='bbox 647 2104 874 2188; x_wconf 80' lang='grc' dir='ltr'><strong><em>ἐσσομένοισιν</em></strong></span> <span class='ocrx_word' id='word_1_138' title='bbox 890 2099 996 2190; x_wconf 84' lang='grc' dir='ltr'><strong><em>ἀοιδή.</em></strong></span> <span class='ocrx_word' id='word_1_139' title='bbox 1112 2122 1173 2178; x_wconf 79' lang='lat'><strong><em>580</em></strong></span> <span class='ocrx_word' id='word_1_140' title='bbox 1214 2123 1215 2132; x_wconf 76' lang='grc'>’</span> 
     </span>
     <span class='ocr_line' id='line_1_20' title="bbox 210 2196 924 2289; baseline 0.001 -20"><span class='ocrx_word' id='word_1_141' title='bbox 210 2196 231 2288; x_wconf 82' lang='grc' dir='ltr'><em>ἦ</em></span> <span class='ocrx_word' id='word_1_142' title='bbox 246 2207 294 2282; x_wconf 88' lang='grc' dir='ltr'><strong><em>τίς</em></strong></span> <span class='ocrx_word' id='word_1_143' title='bbox 310 2227 361 2268; x_wconf 88' lang='grc' dir='ltr'><strong><em>τοι</em></strong></span> <span class='ocrx_word' id='word_1_144' title='bbox 377 2203 432 2268; x_wconf 81' lang='grc' dir='ltr'><strong><em>καὶ</em></strong></span> <span class='ocrx_word' id='word_1_145' title='bbox 447 2199 531 2285; x_wconf 76' lang='grc' dir='ltr'><strong><em>πρός</em></strong></span> <span class='ocrx_word' id='word_1_146' title='bbox 547 2196 714 2284; x_wconf 85' lang='grc' dir='ltr'><strong><em>ἀπέφθιτο</em></strong></span> <span class='ocrx_word' id='word_1_147' title='bbox 727 2199 843 2269; x_wconf 85' lang='grc' dir='ltr'><strong><em>Ἰλιόθι</em></strong></span> <span class='ocrx_word' id='word_1_148' title='bbox 859 2200 924 2289; x_wconf 89' lang='grc' dir='ltr'><strong><em>πρό</em></strong></span> 
     </span>
    </p>

    <p class='ocr_par' dir='ltr' id='par_1_12' title="bbox 209 2295 1121 2490">
     <span class='ocr_line' id='line_1_21' title="bbox 209 2295 1061 2390; baseline 0.006 -22"><span class='ocrx_word' id='word_1_149' title='bbox 209 2299 330 2378; x_wconf 84' lang='grc' dir='ltr'><strong><em>έσθλὸς</em></strong></span> <span class='ocrx_word' id='word_1_150' title='bbox 347 2296 423 2386; x_wconf 83' lang='grc' dir='ltr'><strong><em>ἐάν,</em></strong></span> <span class='ocrx_word' id='word_1_151' title='bbox 441 2299 591 2385; x_wconf 85' lang='grc' dir='ltr'><strong><em>γαμβρός</em></strong></span> <span class='ocrx_word' id='word_1_152' title='bbox 608 2295 630 2383; x_wconf 76' lang='grc' dir='ltr'><em>ἢ</em></span> <span class='ocrx_word' id='word_1_153' title='bbox 647 2299 821 2387; x_wconf 84' lang='grc' dir='ltr'><strong><em>πενθερὸς,</em></strong></span> <span class='ocrx_word' id='word_1_154' title='bbox 839 2306 905 2371; x_wconf 80' lang='grc' dir='ltr'><strong><em>οἵτε</em></strong></span> <span class='ocrx_word' id='word_1_155' title='bbox 920 2305 1061 2390; x_wconf 89' lang='grc' dir='ltr'><strong><em>μάλιστα</em></strong></span> 
     </span>
     <span class='ocr_line' id='line_1_22' title="bbox 209 2393 1121 2490; baseline 0.009 -24"><span class='ocrx_word' id='word_1_156' title='bbox 209 2399 357 2485; x_wconf 80' lang='grc' dir='ltr'><strong><em>κήδιστοι</em></strong></span> <span class='ocrx_word' id='word_1_157' title='bbox 375 2399 550 2466; x_wconf 85' lang='grc' dir='ltr'><strong><em>τελέθουσι</em></strong></span> <span class='ocrx_word' id='word_1_158' title='bbox 566 2395 640 2483; x_wconf 86' lang='grc' dir='ltr'><strong><em>μεθ’</em></strong></span> <span class='ocrx_word' id='word_1_159' title='bbox 659 2393 738 2484; x_wconf 83' lang='grc' dir='ltr'><strong><em>αἷμά</em></strong></span> <span class='ocrx_word' id='word_1_160' title='bbox 756 2404 859 2470; x_wconf 79' lang='grc' dir='ltr'><strong><em>τεκαὶ</em></strong></span> <span class='ocrx_word' id='word_1_161' title='bbox 876 2407 972 2490; x_wconf 88' lang='grc' dir='ltr'><strong><em>γένος</em></strong></span> <span class='ocrx_word' id='word_1_162' title='bbox 989 2402 1121 2486; x_wconf 77' lang='grc' dir='ltr'><strong><em>αὐτῶνς</em></strong></span> 
     </span>
    </p>
   </div>
   <div class='ocr_carea' id='block_1_3' title="bbox 204 2493 1171 2786">
    <p class='ocr_par' dir='ltr' id='par_1_13' title="bbox 204 2493 1171 2786">
     <span class='ocr_line' id='line_1_23' title="bbox 211 2493 1054 2590; baseline 0.008 -26"><span class='ocrx_word' id='word_1_163' title='bbox 211 2496 296 2583; x_wconf 78' lang='grc' dir='ltr'><strong><em>ἤτίς</em></strong></span> <span class='ocrx_word' id='word_1_164' title='bbox 312 2521 378 2563; x_wconf 88' lang='grc' dir='ltr'><strong><em>που</em></strong></span> <span class='ocrx_word' id='word_1_165' title='bbox 394 2497 449 2562; x_wconf 85' lang='grc' dir='ltr'><strong><em>καὶ</em></strong></span> <span class='ocrx_word' id='word_1_166' title='bbox 466 2497 592 2582; x_wconf 81' lang='grc' dir='ltr'><strong><em>ἑταῖρος</em></strong></span> <span class='ocrx_word' id='word_1_167' title='bbox 608 2493 695 2582; x_wconf 81' lang='grc' dir='ltr'><strong><em>ἀνὴρ</em></strong></span> <span class='ocrx_word' id='word_1_168' title='bbox 713 2503 931 2587; x_wconf 80' lang='grc' dir='ltr'><strong><em>κεχαρισμένα</em></strong></span> <span class='ocrx_word' id='word_1_169' title='bbox 949 2500 1054 2590; x_wconf 81' lang='grc' dir='ltr'><strong><em>είδάς,</em></strong></span> 
     </span>
     <span class='ocr_line' id='line_1_24' title="bbox 210 2592 1171 2688; baseline 0.011 -24"><span class='ocrx_word' id='word_1_170' title='bbox 210 2595 345 2675; x_wconf 75' lang='grc' dir='ltr'><strong><em>έσθλόςς</em></strong></span> <span class='ocrx_word' id='word_1_171' title='bbox 368 2595 437 2662; x_wconf 80' lang='grc' dir='ltr'><strong><em>ἐπεὶ</em></strong></span> <span class='ocrx_word' id='word_1_172' title='bbox 453 2592 495 2662; x_wconf 80' lang='grc' dir='ltr'><strong><em>οὐ</em></strong></span> <span class='ocrx_word' id='word_1_173' title='bbox 511 2599 574 2680; x_wconf 89' lang='grc' dir='ltr'><strong><em>μέν</em></strong></span> <span class='ocrx_word' id='word_1_174' title='bbox 590 2620 621 2662; x_wconf 95' lang='grc' dir='ltr'><strong><em>τι</em></strong></span> <span class='ocrx_word' id='word_1_175' title='bbox 639 2598 850 2684; x_wconf 81' lang='grc' dir='ltr'><strong><em>κασιγνήτοιο</em></strong></span> <span class='ocrx_word' id='word_1_176' title='bbox 867 2609 1005 2688; x_wconf 73' lang='grc' dir='ltr'><strong><em>χερείων</em></strong></span> <span class='ocrx_word' id='word_1_177' title='bbox 1113 2623 1171 2675; x_wconf 65' lang='lat'><strong><em>⁵85</em></strong></span> 
     </span>
     <span class='ocr_line' id='line_1_25' title="bbox 204 2691 1056 2786; baseline 0.011 -24"><span class='ocrx_word' id='word_1_178' title='bbox 204 2699 353 2781; x_wconf 85' lang='grc' dir='ltr'><strong><em>γίγνεται</em></strong></span> <span class='ocrx_word' id='word_1_179' title='bbox 380 2691 417 2772; x_wconf 84' lang='grc' dir='ltr'><strong><em>ὅς</em></strong></span> <span class='ocrx_word' id='word_1_180' title='bbox 434 2718 493 2761; x_wconf 91' lang='grc' dir='ltr'><strong><em>κεν</em></strong></span> <span class='ocrx_word' id='word_1_181' title='bbox 510 2695 638 2780; x_wconf 84' lang='grc' dir='ltr'><strong><em>έταίρος</em></strong></span> <span class='ocrx_word' id='word_1_182' title='bbox 654 2694 720 2764; x_wconf 85' lang='grc' dir='ltr'><strong><em>έάν</em></strong></span> <span class='ocrx_word' id='word_1_183' title='bbox 737 2703 931 2786; x_wconf 89' lang='grc' dir='ltr'><strong><em>πεπνυμένα</em></strong></span> <span class='ocrx_word' id='word_1_184' title='bbox 949 2726 966 2770; x_wconf 89' lang='grc' dir='ltr'><strong><em>ε</em></strong></span> <span class='ocrx_word' id='word_1_185' title='bbox 1008 2708 1056 2770; x_wconf 82' lang='grc'><strong><em>”.“</em></strong></span> 
     </span>
    </p>
   </div>
   <div class='ocr_carea' id='block_1_4' title="bbox 0 0 1230 3910">
    <p class='ocr_par' dir='ltr' id='par_1_14' title="bbox 0 0 1230 3910">
     <span class='ocr_line' id='line_1_26' title="bbox 0 0 1230 3910; baseline 0 0"><span class='ocrx_word' id='word_1_186' title='bbox 0 0 1230 3910; x_wconf 95' lang='lat' dir='ltr'><strong><em> </em></strong></span> 
     </span>
    </p>
   </div>
  </div>
 </body>
</html>
