2452 3910
191 241 232 304 94
492 243 784 302 ΟΔΤΣΣΕΙΑΣ
808 246 841 300 Ζ.

190 404 337 492 χάρματα
354 401 387 470 δ’
405 401 610 490 εὐμενέτῃσι·
628 401 767 486 μάλιστα
786 405 823 490 δέ
837 399 863 468 τ’
875 409 996 470 ἔκλυον
1011 397 1142 469 αύτολῑ(

236 501 304 571 Τδν
321 501 353 570 δ’
371 493 416 569 αύ
431 499 610 569 Ναυσικάα
625 501 831 580 λευκώλενος
847 499 963 568 ἀντίον
978 499 1066 586 ηὔδα

189 599 298 687 ,,ξεῖν’,
320 602 389 668 ἐπεὶ
405 599 483 670 ούτε
501 607 593 689 κακῷ
608 598 675 668 οὔτ’
694 598 819 686 άφρονι
837 602 921 684 φωτὶ
939 604 1048 678 ἔοικας
1063 639 1083 650 -

189 697 273 779 Ζεύς
287 697 320 767 δ’
339 697 438 779 αύτδς
454 703 544 786 νέμει
559 697 663 783 ὄλβον
677 697 851 783 Ὀλύμπιος
868 697 1113 781 άνθροέποισιν,

160 869 169 886 N
189 789 321 878 ἐσθλοῖς
336 795 395 885 ήδὲ
410 811 571 883 κακοῖσιν,
592 794 683 876 ὅπως
700 799 866 884 ἐθέλῃσιν,
884 797 1026 885 ἑκάστω·
1090 808 1144 863 189

188 903 247 964 καί
257 919 324 964 που
341 899 393 964 σοὶ
409 892 477 981 τάγ’
498 899 610 980 ἔδωκε,
628 895 665 964 σὲ
682 896 717 962 δὲ
733 892 794 981 χρή
813 895 973 981 τετλάμεν
988 899 1092 980 ἒμπης
1103 931 1124 944 -

189 1000 254 1061 νῦν
271 989 314 1078 δ’,
333 993 403 1062 ἐπεὶ
418 989 581 1080 ἡμετέρην
598 1018 632 1060 τε
649 994 750 1062 πόλιν
766 995 821 1060 καὶ
836 1006 934 1077 γαῖαν
950 992 1086 1075 ἱκάνεις,

189 1089 257 1159 οὔτ’
275 1083 340 1158 ούν
356 1093 497 1177 έσθήτος
514 1088 668 1177 δευήσεαι
684 1088 761 1158 ούτε
778 1116 836 1158 τευ
853 1089 969 1175 άλλου,

189 1181 239 1258 οἶν
254 1186 369 1276 ἐπέοιχ’
379 1192 491 1275 ίκέτην
505 1197 717 1274 ταλαπείριον
733 1186 944 1257 ἀντιάσαντα.

188 1284 272 1380 ἄστυ
288 1292 325 1355 δέ
340 1313 392 1355 τοι
406 1291 511 1372 δείξω,
529 1288 609 1370 ἐρέω
628 1290 668 1354 δέ
681 1313 731 1356 τοι
748 1287 876 1372 ούνομα
895 1295 995 1354 λαοῖν.

188 1391 330 1472 Φαίηκες
345 1388 406 1472 μὲν
421 1385 520 1472 τήνδε
535 1385 632 1454 πόλιν
649 1390 704 1454 καὶ
719 1399 817 1472 γαῖαν
834 1392 978 1472 ἔχουσιν,
1091 1399 1145 1454 195

187 1487 252 1571 είμὶ
269 1483 301 1552 δ’
321 1484 385 1571 έγιδ
401 1484 556 1570 θυγάτηρ
572 1486 795 1572 μεγαλήτορος
809 1482 1002 1569 Ἀλκινόοιο,

187 1580 296 1651 τοῦδ’
315 1586 351 1653 ἐκ
368 1584 526 1670 Φαιήκων
542 1587 648 1668 ἔχεται
664 1582 785 1668 κάρτος
802 1609 837 1650 τε
854 1589 910 1670 βίη
926 1590 995 1652 τε.“

230 1674 272 1749 Ἦ
287 1683 339 1767 θα,
357 1684 411 1749 καλ
427 1679 665 1767 άμφιπόλοισιν
681 1681 917 1767 ἐϋπλοκάμοισι
933 1683 1094 1750 κέλευσεν

186 1785 306 1866 ,στῆτέ
320 1806 387 1866 μοι,
404 1775 601 1864 άμφίπολοι·
619 1779 703 1847 πόσε
719 1780 859 1866 φεύγετε
877 1787 972 1864 φοίτα
989 1785 1144 1860 ίδοῦσαις

186 1871 207 1965 ή
222 1877 267 1965 μή
285 1877 352 1946 πού
369 1903 444 1945 τινα
461 1881 652 1964 δυσμενέων
663 1876 767 1964 φάσθ’
777 1884 915 1966 ἔμμεναι
926 1877 1146 1965 άνδρώνςκοο

186 1973 248 2044 ούκ
266 1971 336 2043 ἔσθ’
354 1966 453 2054 οὗτος
469 1973 555 2062 άνήρ
574 1975 681 2060 διερὸς
698 1977 827 2064 βροτὸς,
844 1976 923 2047 οὐδὲ
939 1981 1086 2063 γένηται.

186 2073 224 2152 ὅς
239 2099 298 2141 κεν
316 2073 474 2160 Φαιήκων
490 2072 626 2158 άνδροῐν
640 2078 674 2154 ἐς
689 2089 786 2160 γαῖαν
801 2081 910 2163 ἵκηται

185 2177 340 2260 δηιοτῆτα
357 2174 485 2258 φέρων·
507 2172 596 2260 μάλα
612 2175 675 2259 γάρ
694 2181 786 2259 φίλοι
801 2173 1031 2244 ἀθανάτοισιν.

184 2275 336 2359 οίκέομεν
353 2268 384 2338 δ’
404 2269 576 2340 άπάνευθε
592 2273 810 2361 πολυκλύστῳ
827 2275 876 2340 ivl
893 2273 1017 2360 πόντῳ,

184 2375 321 2458 ἔσχατοι,
339 2367 420 2438 ούδέ
434 2395 483 2449 τις
500 2369 583 2456 άμμι
599 2376 730 2455 βροτῶν
745 2372 947 2456 ἐπιμίσγεται
964 2369 1074 2448 ἄλλος.
1088 2387 1145 2439 κου

183 2468 250 2540 ἀλλ’
269 2468 326 2539 ὅδε
343 2497 392 2550 τις
408 2470 571 2556 δύστηνος
587 2469 756 2555 α’λιάμενος
773 2467 893 2537 ἐνθάδ’
911 2467 1030 2553 ίκάνει,

183 2565 244 2638 τδν
262 2577 328 2636 νῦν
340 2565 402 2655 χρὴ
420 2570 567 2654 κομέειν·
590 2566 673 2652 πρὸς
689 2566 753 2654 γάρ
771 2567 853 2646 Διός
870 2574 955 2636 εἰσιν
970 2565 1121 2647 άπαντες

183 2674 285 2748 ξεῖνοί
300 2693 335 2736 τε
351 2673 476 2752 πτωχοί
489 2692 534 2749 τε,
553 2665 644 2745 δόσις
662 2663 694 2733 δ’
714 2663 807 2753 ὀλίγη
829 2692 863 2734 τε
880 2672 960 2753 φίλη
976 2692 1021 2732 τε.

183 2762 264 2832 ἀλλὰ
283 2759 361 2848 δότ’,
379 2760 571 2847 ἀμφίπολοι,
589 2766 683 2851 ξείνφ
701 2770 827 2849 βρῶσίν
845 2789 880 2832 τε
898 2764 999 2832 πόσιν
1016 2781 1063 2850 τε,
1086 2781 1142 2834 ²09

183 2862 324 2929 λούσατέ
339 2859 364 2928 τ’
383 2861 421 2928 έν
438 2867 585 2946 ποταμῷ,
602 2857 655 2928 ὅθ’
674 2863 724 2928 ἐπὶ
742 2865 874 2941 σκέπας·
884 2859 947 2932 ἔστ’
965 2860 1142 2948 άνέμοιο.“

226 2954 286 3038 Ὦς
303 2954 412 3043 ἔφαθ’,
438 2960 474 3023 αί
487 2954 520 3023 δ’
536 2960 635 3024 ἔσταν
651 2984 685 3026 τε
704 2961 759 3028 καὶ
775 2957 938 3048 άλλήλησι
954 2965 1135 3040 κέλευσαν,

183 3053 248 3124 κὰδ
264 3052 296 3121 δ’
315 3053 363 3138 ἄρ’
380 3052 534 3140 Ὀδυσσῆ’
553 3052 645 3124 εἷσαν
662 3058 715 3125 ἐπὶ
732 3061 864 3144 σκέπας,
885 3055 929 3137 ὡς
945 3061 1127 3128 ἐκέλευσεν

182 3154 370 3238 Ναυσικάα,
389 3152 542 3238 θυγάτηρ
559 3154 782 3243 μεγαλήτορος
795 3151 997 3224 Ἀλκινόοιο·

181 3251 248 3338 πάρ
267 3250 341 3319 δ’”
318 3279 383 3336 αρα
401 3254 434 3318 ol
447 3249 554 3336 φᾶρός
570 3278 605 3318 τε
623 3253 743 3338 χιτωνά
760 3278 795 3319 τε
812 3250 910 3337 εἵματ’
931 3258 1076 3342 ἔθηκαν,

181 3352 294 3417 δῶκαν
310 3351 346 3418 δέ
361 3351 486 3436 χρυσέη
503 3349 541 3414 ἐν
556 3348 730 3440 ληκύθφ“
713 3348 818 3436 υγρδν
835 3356 958 3438 ἔλαιον,
1088 3374 1141 3424 215

181 3469 313 3533 ηνωγον
330 3443 402 3514 δ
380 3470 445 3528 αρα
462 3470 519 3515 ιιιν
538 3452 682 3517 λοῦσθαι
698 3461 855 3534 ποταμοῖο
874 3451 1004 3537 ῥοῇσιν

1213 3815 1215 3871 λ
