2452 3910
215 267 275 334 100
513 269 803 330 ΟΔΤΣΣΕΙᾸΣ
829 274 867 330 Η.

213 432 307 520 νηυσί
327 439 450 518 θοῇσιν
466 455 553 516 τοιγε
571 430 767 509 πεποιθότες
784 429 940 521 όκείησιν

211 541 328 618 λαῖτμα
345 528 413 616 μέγ’
431 529 651 618 ἐκπερόωσιν,
670 532 745 598 έπεί
757 548 851 616 σφισι
867 529 945 599 δῶκ’
963 534 1173 616 ἐνοσίχθων·

212 641 277 698 τῶν
297 633 367 710 νέες
384 629 496 698 οἰκεῖαι
515 627 591 698 ὡσεὶ
608 625 731 712 πτερόν
747 626 785 716 ήὲ
801 629 944 717 νόημα“
1134 640 1174 696 36

255 727 314 810 Ὣς
331 729 397 815 ἄρα
415 727 585 816 φωνήσαά
602 727 747 816 ἡγήσοιτο
764 726 901 809 Παλλὰς
912 727 1041 815 Ἀθήνη

210 834 437 915 καρπαλίμως·
459 825 478 896 ὁ
496 824 528 895 δ’
547 831 658 895 ἔπειτα
675 823 743 913 μετ’
761 837 848 913 ίχνια
865 835 959 915 βαῖνε
977 837 1082 896 θεοίο.

211 927 272 995 τόν
290 925 322 994 δ’
341 925 407 1012 ἄρα
424 932 565 1013 Φαίηκες
582 927 796 994 ναυσικλυτοὶ
815 924 877 994 οὐκ
895 926 1040 1014 ἐνόησαν

210 1027 390 1114 ἐρχόμενον
410 1026 491 1094 κατὰ
509 1024 594 1094 άστυ
611 1024 665 1094 διὰ
683 1027 799 1110 σφέας·
823 1024 865 1093 οὐ
882 1022 947 1112 γάρ
963 1024 1090 1111 Ἀθήνη
1138 1038 1175 1090 40

210 1136 261 1196 εία
279 1125 495 1212 ἐϋπλόκαμος,
514 1122 605 1211 δεινή
624 1123 714 1211 θεός,
732 1121 753 1210 ἦ
771 1123 813 1211 ῥά
831 1127 865 1192 οἱ
879 1121 985 1209 ἄχλύν

209 1233 392 1313 θεσπεσίην
408 1229 560 1311 κατέχευε
576 1230 657 1310 φίλα
676 1223 854 1310 ηορουέουσΙ
871 1223 920 1290 ἐνί
937 1227 1048 1307 θυμῷ.
1069 1253 1074 1264 ·

115 1339 120 1348 ’
210 1324 383 1411 θαύμαζεν
399 1322 431 1391 δ’
448 1321 603 1403 Ὀδυσεὺς
622 1325 755 1410 λιμένας
773 1325 826 1390 καί
845 1330 926 1410 νήας
944 1325 1034 1399 ε’ῑσας

210 1419 322 1489 αὐτῶν
340 1420 378 1490 θ’
397 1420 519 1508 ήριόων
536 1419 659 1508 ἀγορὰς
676 1423 730 1490 καὶ
747 1429 852 1507 τείχεα
868 1419 978 1508 μακρὰ

211 1519 331 1607 ὑψηλὰ,
350 1524 570 1590 σκολόπεσσιν
588 1517 747 1607 ἀρηρότα,
765 1527 883 1606 θαῦμα
903 1523 1044 1587 ίδέσθαι.
1138 1533 1174 1582 45

208 1609 278 1686 ἄλλ’
297 1618 351 1688 ὅτε
371 1617 410 1706 δή
429 1627 586 1706 βασιλῆος
603 1617 773 1704 ἀγακλυτὰ
794 1615 920 1706 δείμαθ’
939 1622 1064 1702 ἵκοντο,

210 1733 293 1786 τοῖσι
312 1720 346 1787 δὲ
361 1719 482 1804 μόθων
500 1712 578 1805 ήρχε
596 1717 661 1786 θεὰ
679 1724 871 1803 γλαυκῶπις
884 1715 1026 1804 Ἀθήνη·

249 1809 384 1902 ,Οὗτος
401 1817 442 1902 δή
458 1842 517 1899 τοι,
536 1820 620 1896 ξεῖνε
637 1817 751 1904 πάτερ,
770 1815 882 1902 δόμος,
901 1813 943 1882 όν
959 1838 1000 1901 με
1021 1810 1176 1888 κελεύεις

208 1915 432 2000 πεφραδέμεν·
457 1913 545 2001 δήεις
563 1914 598 1983 δὲ
615 1916 809 2001 διοτρεφέας
828 1920 999 2000 βασιλῆας,

208 2017 324 2098 δαίτην
341 2013 574 2097 δαινυμένους·
597 2011 640 2080 σύ
658 2010 690 2079 δ’
708 2017 771 2080 ἔσω
790 2016 840 2080 κίε
856 2014 943 2098 μηδέ
957 2038 988 2078 τι
1003 2019 1110 2101 θυμῷ
1141 2031 1175 2079 οι

207 2109 337 2196 τάρβει·
360 2114 548 2196 θαρσαλέος
565 2109 627 2195 γὰρ
645 2108 730 2197 ἀνὴρ
747 2114 785 2179 έν
800 2117 904 2178 πᾶσιν
920 2108 1070 2196 άμείνων

209 2212 358 2292 ἔργοισιν
373 2209 512 2293 τελέθει,
530 2213 561 2275 εί
576 2216 632 2275 καί
646 2219 754 2276 ποθεν
773 2208 922 2277 ἄλλοθεν
938 2213 1044 2277 ἔλθοι.

78 2330 81 2342 ·
208 2307 390 2374 δέσποιναν
408 2305 470 2391 μὲν
485 2313 598 2390 πρῶτα
618 2306 765 2394 κιχήσεαι
782 2311 819 2376 έν
834 2307 1048 2395 μεγάροισιν·

203 2399 322 2490 ’Λρήτη
340 2401 373 2470 δ’
391 2400 483 2488 ὄνομ’
500 2407 588 2472 ἐστὶν
604 2409 792 2494 ἑπονυμον,
810 2411 847 2475 ἐκ
867 2407 901 2476 δὲ
921 2406 1055 2495 τοκήων

205 2507 274 2567 τῶν
290 2499 403 2568 αὐτόν
419 2505 512 2587 οἵπερ
530 2503 627 2570 τέκον
640 2501 811 2573 Ἀλκίνοον
828 2512 983 2593 βασιλῆα.
1140 2525 1178 2575 σε
1215 2517 1216 2526 ’

208 2605 407 2668 Ναυσίθοον
422 2599 483 2685 μὲν
500 2627 615 2685 πρωτα
631 2604 827 2671 Ποσειδάων
845 2607 1036 2690 ἐνοσίχθων

205 2701 336 2780 γείνατο
355 2698 409 2763 καὶ
427 2705 595 2785 Περίβοια,
615 2710 786 2784 γυναικοῖν
802 2701 889 2782 εἶδος
906 2700 1038 2791 άρίστη,

205 2788 370 2877 ὁπλοτάτη
387 2795 540 2880 θυγάτηρ
557 2799 781 2884 μεγαλήτορος
797 2793 1070 2888 Εὕρυμέδοντος,

205 2885 244 2966 ὅς
259 2887 335 2956 ποθ’
355 2888 579 2978 όπερθυμοισι
599 2896 815 3016 Γιηάντεσσιυ
831 2904 1021 2987 βασίλευεν
1211 2969 1212 2978 ,

206 2982 310 3051 ἄλλό
329 3014 390 3070 μευ
409 2988 510 3057 όλεσε
528 2991 611 3060 λαόν
627 2992 833 3084 ἀτάσθαλον,
851 2997 1008 3069 ὥλετοδ’
1027 2999 1150 3085 αὐτὸς,
1211 2991 1212 3021 ¹

206 3107 244 3168 τη
231 3084 297 3150 δέ
314 3088 509 3156 Ποσειδάων
526 3093 630 3178 ἐμίγη,
648 3119 702 3161 και
691 3097 869 3179 ἐγείνατο
887 3102 991 3165 παῖδα
1144 3115 1176 3170 61

206 3186 406 3248 Ναυσίθοον
423 3188 669 3274 μεγάθυμον,ῃ
650 3219 686 3270 ος
702 3196 738 3260 ἐν
757 3194 939 3317 Φαιήξιν”
916 3218 1087 3266 ανασσεν
1209 3189 1210 3261 λ

207 3281 449 3358 Ναυσίθθθςά
467 3286 597 3353 ὄτεκεν’
595 3291 808 3377 Ρηξήνορά’
786 3319 802 3358 τ
828 3292 1006 3365 Ἀλκιυοόν
1023 3323 1071 3367 τε.
1165 3317 1171 3322 “

205 3372 264 3440 τὸν
279 3375 341 3459 μεν
357 3375 505 3463 ἄκουρον
521 3383 619 3453 έόντα
636 3387 709 3475 βάλ’
726 3389 952 3476 ἀργυρότοξος
965 3393 1152 3466 Ἀπόλλων

206 3479 353 3540 νινεωίου
372 3479 408 3544 έν
423 3481 567 3572 μεγάρῳ,
586 3493 666 3571 μίαν
681 3498 756 3576 οίηυ
774 3497 874 3560 παίδα
892 3494 1038 3564 λιπόντα
1145 3515 1181 3569 σθ
