2392 3914
208 193 271 258 270
509 195 803 254 ΟΔΤΣΣΕΙΛΣ
829 193 860 250 Ρ.

207 353 292 422 ἀλλά
302 353 342 422 τὰ
357 359 418 441 μέν
435 381 491 440 μοι
509 359 596 420 ἐειπε
614 354 723 437 γέρωυ
739 349 832 430 ἅλιος
848 347 1021 436 νημερτής,
1105 362 1151 414 110

206 459 275 520 τῶν
290 449 392 521 ούδέν
407 478 458 520 τοι
475 449 538 536 έγά
551 450 671 535 κρύψω
682 454 760 534 ἐπος
777 447 851 518 οὐδ’
869 449 1042 516 ἐπικεύσω.

207 558 255 636 φῆ
270 578 328 637 μιν
344 549 390 637 ὅγ’
405 553 442 619 ἐν
451 551 543 639 νήσῳ
559 553 659 617 ἰδέειν
674 546 801 634 κρατέρ’
818 543 903 630 ἄλγε’
922 551 1048 631 ἔχοντα,

207 649 341 737 νύμφης
361 655 398 718 ἐν
414 649 586 735 μεγάροισι
600 654 797 732 Καλυψοῦς,
820 644 911 732 ήμιυ
926 643 1057 733 ἀνάγκη
1089 725 1096 734 ι

205 757 300 832 ίσχει·
325 744 342 814 ὁ
360 743 391 814 δ’
410 744 451 815 ού
469 748 609 814 δύναται
625 744 670 832 ἢν
690 749 832 832 πατρίδα
847 759 947 830 γαῖαν
964 747 1105 813 ίκέσθαι.

205 843 247 913 ού
263 845 327 930 γάρ
344 849 379 913 οί
392 845 483 930 πάρα
499 853 576 932 νῆες
592 843 769 930 ἐπήρετμοι
783 847 840 912 καὶ
856 845 990 931 ἑταῖροι,
1108 857 1152 910 115

205 948 240 1011 οἵ
253 947 312 1011 κέν
332 971 391 1030 μιν
401 949 562 1031 πέμποιεν
577 939 625 1010 ἐπ’
645 941 744 1028 εύρέα
756 949 846 1010 νῶτα
864 943 1063 1029 θαλάσσης)

205 1038 249 1122 δός
264 1040 354 1128 ἔφατ’
371 1040 549 1129 Ἀτρείδης,
566 1046 793 1126 δουρικλειτος
807 1044 993 1120 Μενέλαος.

203 1148 307 1208 ταῦτα
321 1141 519 1228 τελευτήσας
536 1139 675 1226 νεόμην·
698 1145 820 1208 ἔδοσαν
831 1141 870 1208 δέ
884 1167 942 1226 μοι
957 1131 1067 1225 ούρον

203 1235 383 1326 ἀθάνατοι,
407 1245 460 1306 τοί
473 1236 503 1324 μ’
522 1231 593 1306 ύκα
609 1245 713 1326 φίλην
728 1242 762 1320 ἐς
777 1241 910 1326 πατρίδ’
922 1245 1108 1327 ἐπεμψαν.“

236 1332 297 1415 Ὣς
311 1336 413 1422 φάτο,
430 1343 471 1424 τῆ
488 1335 519 1404 δ’
539 1336 605 1419 ἀρα
627 1336 743 1424 θυμόν
760 1341 810 1407 ἐνί
830 1340 1016 1426 στήθεσσιν
1038 1337 1151 1422 ὄρινεν.

199 1438 285 1502 ’τοῖσι
302 1437 337 1504 δὲ
356 1438 412 1504 καλ
426 1441 575 1522 μετέειπε
592 1437 824 1524 Θεοκλύμενος
838 1437 994 1524 θεοειδής
1110 1453 1148 1503 151

242 1525 301 1621 „³52
315 1533 416 1620 γύναι
431 1538 539 1621 αίδοίη
549 1535 761 1619 Λαερτιάδεω
774 1533 945 1622 Ὀδυσῆος,

199 1630 272 1716 ἤτοι
289 1631 335 1718 ὅγ’
358 1632 399 1702 ού
414 1633 507 1719 σάφα
522 1631 629 1720 οίδεν,
649 1637 736 1720 ἐμεῖο
754 1637 791 1704 δὲ
808 1635 937 1702 σύνθεο
953 1639 1088 1720 μῦθον·

198 1726 360 1812 ἀτρεκέως
374 1731 439 1816 γάρ
463 1750 517 1798 σοι
532 1733 759 1819 μαντεύσομαι
776 1731 850 1802 οὐδ’
869 1731 1050 1801 ἐπικεύσω.

198 1834 278 1893 ίστω
290 1836 356 1896 νύν
371 1827 457 1907 Ζεύς
467 1837 581 1913 πρῶτα
595 1839 707 1918 θεοῖν,
721 1837 810 1918 ξενίη
822 1857 857 1898 τε
868 1829 1016 1916 τράπεζα
1107 1844 1150 1896 155

197 1924 281 2010 ίστίη
298 1925 324 1992 τ’
336 1925 494 2014 Ὀδυσῆος
509 1926 698 2016 ἀμύμονος,
715 1927 759 2017 ῆν
775 1927 942 2015 ἀφικάνω,

197 2016 241 2098 άς
257 2019 331 2107 ήτοι
344 2021 500 2104 Ὀδυσεύς
516 2023 579 2112 ήδη
597 2029 634 2094 ἐν
652 2033 785 2112 πατρίδι
804 2033 893 2115 γαίη,
994 2033 1000 2037 ’

194 2114 350 2204 ἥμενοςῆ
364 2121 492 2208 ἕρπων,
509 2121 588 2190 ’τάδε
604 2125 817 2211 πευθόμενος
831 2126 920 2194 κακά
937 2132 1034 2213 ἔργα,

194 2216 295 2299 ἔστιν,
313 2212 397 2300 ἀτάρ
412 2227 598 2307 μνηστῆρσι
613 2222 721 2291 κακὸν
736 2225 898 2294 πάντεσσι
916 2225 1075 2312 φυτεύει·

194 2322 288 2377 τοίου
303 2311 392 2397 ἐγύυ
402 2314 527 2385 οίωνόυ
542 2323 728 2407 ἐϋσσέλμου
743 2324 797 2391 ἐπὶ
813 2323 896 2410 νηὸς
1108 2336 1152 2392 160

193 2403 315 2491 ἥμενος
331 2413 528 2501 ἐφρασάμην
543 2421 599 2486 καὶ
619 2421 797 2510 Τηλεμάχῳ
815 2422 1045 2508 ἐγεγύνευν.“

238 2504 308 2575 Τόν
320 2508 358 2587 δ’
370 2505 450 2580 αύτε
464 2521 640 2598 προσέειπε
650 2526 826 2606 περίφρων
840 2523 1060 2608 Πηνελόπεια

190 2607 251 2686 „al”
264 2604 330 2693 γάρ
348 2617 464 2696 τοῦτο,
482 2616 582 2699 ξεῖνε,
599 2621 677 2696 ἐπος
694 2623 930 2705 τετελεσμένον
949 2629 1019 2706 εἴη·

189 2706 238 2782 τῷ
258 2726 297 2766 κε
311 2704 394 2788 τάχα
408 2714 523 2793 γνοίης
538 2713 699 2800 φιλότητά
713 2742 749 2784 τε
771 2717 879 2785 πολλά
892 2744 929 2786 τε
947 2723 1045 2807 δεῖρα

189 2794 334 2908 ἕξιὲμδῦ,
354 2798 398 2878 ὥς
413 2801 457 2868 ἀν
471 2813 520 2884 τίς
536 2828 573 2877 σε
589 2815 837 2900 συναντόμενος
853 2824 1068 2902 μακαριζοι.“
1110 2829 1154 2883 155

232 2888 334 2968 32901«r
346 2898 408 2980 μὲν
421 2912 559 2974 τοιαῦτα
573 2909 657 2995 πρὸς
673 2910 838 2999 ἀλλήλους
857 2913 1042 3002 ἀγόρευον,
1140 3001 1145 3012 .

187 2997 374 3075 μνηστῆρες
390 2998 426 3064 δὲ
439 3001 604 3084 πάροιθεν
618 3005 799 3098 Ὀδυσσῆος
814 3013 978 3098 μεγάροιο

188 3085 353 3200 δίσκοισιν
368 3095 528 3180 τέρπουτο
543 3108 599 3173 καὶ
614 3113 809 3196 αίγανὲησιν
831 3115 949 3198 ἱέντες,

186 3201 224 3292 εν
240 3193 353 3300 γυμνῷ
371 3193 519 3306 δαπέδφ,
532 3198 591 3269 ὅθι
608 3229 671 3292 περ
689 3207 796 3292 πάρος
813 3207 918 3298 ύβριν
936 3217 1088 3298 ἔχεσκον.

184 3281 246 3394 αλλ
271 3305 327 3348 οτε
343 3287 383 3372 δη
401 3294 594 3381 δείπνηστος
611 3309 670 3389 ἔην
686 3308 742 3373 καὶ
759 3309 913 3394 ἐπήλυθε
930 3318 1023 3398 μῆλα
1109 3319 1155 3376 170

182 3387 357 3494 πάντοθεν
373 3388 406 3465 ἐξ
422 3385 551 3484 ἀγριεν,
569 3405 603 3468 οί
614 3399 648 3468 δ’
665 3399 796 3490 ήγαγου
806 3413 840 3474 οἳ
855 3407 894 3476 τὸ
913 3409 1023 3494 πάρος
1040 3435 1114 3493 περ,
