2460 3920
213 231 276 296 340
513 231 804 292 ΟΔΤΣΣΕΙΑΣ
828 230 869 292 Φ.

136 405 143 414 ’
211 393 286 482 ὄφρ’
302 394 354 462 ἐπὶ
372 399 472 480 μηρία
488 393 604 470 θέντες
617 389 798 458 Ἀπόλλωνι
814 397 1001 480 κλυτοτοξφ

104 543 105 548 1
211 494 309 574 τόξον
324 492 538 578 πειρώμεσθα
553 490 607 558 καὶ
621 491 820 576 ἐκτελέωμεν
839 486 1001 556 άεθλον.“

162 629 166 636 ·
201 597 205 604 ’
245 590 306 672 Ὣς
321 587 411 677 ἔφατ’
426 586 600 673 Ἀντίνοος,
616 603 721 656 τοῖσιν
736 584 768 655 δ’
786 585 966 674 ἐπιήνδανε
981 594 1101 674 μῦθος.

211 706 295 761 τοῖσι
310 689 345 759 δὲ
361 690 504 777 κήρυκες
519 689 580 776 μὲν
595 686 687 775 ὕδωρ
703 687 756 756 έπὶ
771 699 881 772 χεῖρας
895 691 1025 774 ἔχευαν,
1113 700 1156 756 νίν

211 799 328 875 κοῦροι
344 790 380 859 δὲ
394 796 559 875 κρητῆρας
574 789 792 868 ἐπεστέψαντο
808 799 934 874 ποτοῖο,

211 889 370 976 νόμησαν
386 886 417 955 δ’
435 887 501 974 άρα
517 893 620 956 πᾶσιν
634 884 854 971 ἐπαρξάμενοι
871 887 1060 954 δεπάεσσιν.

212 992 246 1056 οί
258 984 289 1054 δ’
309 989 378 1054 ἐπεὶ
393 977 457 1053 οὖν
473 985 613 1054 σπεῖσάν
629 981 654 1052 τ’
669 984 764 1053 ἔπιόν
779 981 812 1052 θ’
828 982 911 1052 ὅσον
926 985 1031 1073 ἤθελε
1046 985 1155 1072 θυμός,

212 1099 278 1165 τοῖς
294 1085 329 1154 δὲ
345 1087 579 1172 δολοφρονέων
593 1090 716 1172 μετέφη
733 1083 916 1171 πολύμητις
929 1083 1105 1164 Ὀδυσσεύς

253 1186 425 1272 ,,Κέκλντέ
434 1211 508 1272 μεν,
525 1192 708 1272 μνηστῆρες
718 1181 912 1270 ἀγακλειτῆς
922 1190 1101 1272 βασιλείης·
1112 1196 1155 1252 λ75

212 1283 299 1371 [ὄφρ’
315 1293 396 1352 είπω
412 1283 452 1352 τά
467 1311 507 1371 με
522 1283 633 1370 θυμὸς
648 1285 697 1352 ένὶ
713 1283 874 1370 στήθεσσι
889 1283 1018 1352 κελεύει
1026 1291 1046 1369 ·]

213 1383 413 1472 Εὐρύμαχον
429 1385 464 1454 δέ
479 1383 619 1470 μάλιστα
634 1384 689 1452 καλ
701 1379 871 1450 Ἀντίνοον
887 1383 1041 1451 θεοειδέα

213 1481 349 1570 λίσσομ’,
365 1485 433 1575 ἐπεὶ
449 1485 503 1552 καὶ
517 1490 614 1551 τοῦτο
631 1487 709 1562 ἔπος
725 1481 808 1550 κατά
824 1495 946 1570 μοῖραν
962 1487 1082 1567 ἔειπεν,

211 1589 276 1652 νῦν
292 1583 353 1670 μὲν
366 1590 491 1650 παῦσαι
506 1582 614 1669 τόξον,
632 1585 800 1669 ἐπιτρέψαι
816 1580 852 1649 δὲ
866 1591 1014 1650 θεοῖσιν·

211 1679 326 1770 ἠῶθεν
342 1685 377 1752 δὲ
392 1680 473 1763 θεὸς
490 1682 589 1750 δόσει
605 1681 726 1767 κράτος
742 1673 771 1772 ᾦ
785 1679 813 1749 κ’
830 1682 997 1768 ἐθέλῃσιν.
1112 1694 1155 1749 280

211 1778 279 1849 ἀλλ’
295 1779 344 1868 ἄγ’
360 1785 432 1869 ἐμοὶ
449 1781 522 1850 δότε
537 1780 633 1862 τόξον
648 1781 776 1868 ἐΰξοον,
793 1779 883 1868 ὄφρα
899 1776 974 1867 μεθ’
991 1775 1073 1870 ὑμῖν

210 1886 330 1967 χειρῶν
345 1883 400 1948 καὶ
414 1884 551 1960 σθένεος
567 1878 776 1968 πειρήσομαι,
798 1877 821 1967 ἤ
835 1906 891 1965 μοι
907 1875 948 1947 ἐτ’
963 1879 1055 1946 ἐστίν

210 1981 250 2064 λς,
272 1982 324 2065 οίη
341 1979 445 2063 πάρος
458 1984 554 2048 ἐσκεν
570 1980 619 2048 ένὶ
633 1973 833 2067 γναμπτοῖσι
848 1981 1013 2065 μέλεσσιν,

209 2071 232 2162 ἦ
246 2076 311 2164 ἤδη
327 2103 384 2163 μοι
400 2077 537 2147 ὄλεσσεν
553 2077 616 2165 άλη
633 2074 657 2145 τ’
675 2076 849 2166 ἀκομιστίη
864 2084 933 2146 τε.“

244 2171 303 2254 Ὦς
315 2172 423 2262 ἔφαθ’,
441 2179 475 2244 οδ
489 2172 520 2244 δ’
533 2174 598 2262 άρα
609 2176 731 2258 πάντες
741 2173 956 2266 ὑπερφιάλως
971 2181 1155 2266 νεμέσησαν,

210 2277 376 2354 δείσαντες
390 2272 434 2362 μὴ
451 2275 547 2356 τόξον
562 2276 681 2356 ἐΰξοον
696 2277 918 2346 ἐντανύσειεν.
1113 2288 1155 2343 λθλ

206 2368 371 2452 Ἀντίνοος
385 2373 417 2442 δ’
435 2375 584 2443 ένένιπεν
601 2381 679 2455 ἔπος
693 2374 719 2443 τ’
735 2375 826 2462 ἔφατ’
841 2383 877 2445 ἐκ
894 2379 920 2445 τ’
936 2375 1112 2464 ὀνόμαζεν·

116 2535 127 2556 ,
201 2565 204 2568 ¹
252 2464 309 2557 ,,Ἀ
324 2471 409 2542 δειλὲ
425 2479 551 2560 ξείνων,
570 2479 620 2542 ἐνι
635 2501 685 2542 τοι
701 2482 823 2563 φρένες
838 2473 914 2544 οὐδ’
931 2476 1047 2563 ἠβαιαί
1053 2501 1060 2515 ·

210 2567 273 2638 οὐκ
289 2568 419 2662 ἀγαπᾷς
434 2568 453 2640 δ
467 2574 587 2660 ἕκηλος
603 2571 838 2660 ὑπερφιάλοισι
854 2571 927 2661 μεθ’
944 2571 1027 2662 ἡμῖν

209 2674 374 2757 δαίνυσαι,
392 2669 472 2738 οὐδέ
486 2698 517 2738 τι
533 2669 643 2752 δαιτδς
659 2671 825 2760 άμέρδεαι,
843 2669 948 2756 αὐτὰρ
966 2670 1101 2752 άκοόεις
1114 2683 1156 2740 290

210 2770 331 2852 μύθων
347 2766 514 2856 ἡμετέρων
530 2773 584 2839 καὶ
600 2771 728 2858 ρήσιος;
746 2770 828 2841 οάδέ
840 2799 888 2852 τις
904 2770 1005 2851 ἄλλος
1018 2860 1022 2868 Ι
1199 2819 1200 2883 η

209 2862 377 2953 ἡμετέρων
392 2867 514 2952 μύθων
530 2875 634 2949 ξεῖνος
649 2863 704 2939 καὶ
720 2867 848 2957 πτωχὸς
863 2869 991 2938 ἀκούει.

211 2961 299 3056 οἶνός
312 2985 349 3032 σε
364 2965 463 3050 τράει
478 2966 644 3056 μελιηδὴς,
663 2969 738 3038 ὅστε
754 2971 810 3038 καί
825 2968 949 3048 άλλονς

211 3059 357 3148 δλάπτει,
375 3060 411 3143 δς
426 3063 469 3132 άν
484 3093 542 3152 μιν
556 3065 682 3152 χανδόν
698 3070 755 3157 ἕλη
770 3065 849 3155 μηδ’
869 3077 986 3154 αἴσιμα
1001 3073 1092 3157 πίνη.
1198 3041 1199 3121 δ

210 3156 298 3239 οἶνος
313 3165 367 3230 καὶ
383 3169 587 3253 Κένταυρον,
604 3165 794 3253 άγακλντδν
810 3165 1021 3254 Εὐρυτίωνα,
1114 3175 1158 3231 29⁵

210 3255 287 3324 όίασ’
304 3264 352 3328 ένλ
367 3266 500 3353 μεγάρφ
517 3267 717 3353 μεγαθύμου
733 3265 941 3354 Πειριθόοιο,

208 3355 241 3430 ές
253 3363 408 3438 Λαπίθας
424 3362 577 3430 ἐλθόνθ’·
596 3362 614 3434 ὁ
632 3364 663 3433 δ’
683 3369 753 3436 ἐπεὶ
770 3372 896 3454 φρένας
911 3363 1018 3434 άασευ
1032 3376 1122 3458 οἴνῳ,

208 3454 407 3539 μαινόμενος
423 3458 493 3527 κάκ’
512 3466 599 3546 ἔρεξε
617 3464 723 3552 δόμον
739 3466 823 3535 κάτα
839 3466 1055 3553 Πειριθόοιο·
1196 3551 1197 3593 1
