2452 3910
205 241 246 304 96
506 242 801 300 ΟΛΤΣΣΕΙΑΣ
826 243 858 298 Ζ.

247 401 305 483 Ὣς
323 401 432 488 ἔφαθ’,
450 403 487 467 αἰ
502 399 534 466 δ’
554 394 617 484 ἀρα
634 407 692 486 τῆς
708 398 797 483 μάλα
812 399 875 484 μὲν
891 399 997 466 κλύον
1013 395 1067 484 ἠδ’
1086 401 1159 467 ε’πί·

413 582 418 593 Χ
658 508 775 584 θοντο,

205 601 271 687 πάρ
290 599 322 670 δ’
341 600 391 688 ἀρ’
406 599 561 686 Ὀδυσσῆι
577 605 701 668 ἔθεσαν
717 603 843 684 βρῶσίν
859 625 894 666 τε
911 597 1011 667 πόσιν
1027 623 1071 664 τε.

203 696 308 788 ήτοιὸ
327 714 401 769 πῖνε
418 701 471 769 καὶ
489 692 576 786 ήσθε
594 698 760 776 πολύτλας
778 702 846 776 δῖος
859 695 1037 776 Ὀδυσσεύς

204 799 388 883 ἁρπαλέως·
412 799 516 885 δηρόν
533 797 597 884 γάρ
615 797 752 883 ἰδητύος
766 791 827 882 ῆευ
844 799 998 878 ἄπαστος.
1107 815 1160 866 250

244 898 359 986 Αύτάρ
376 897 554 966 Ναυσικάα
570 897 777 974 λευκώλενος
793 892 861 964 ἀλλ’
880 897 1035 983 ἐνόησεν·

204 996 305 1085 εἵματ’
322 996 387 1080 ἀρα
404 998 551 1077 πτύξασα
568 1001 656 1064 τίθει
672 1002 774 1082 καλῆς
791 992 838 1062 ἐπ’
857 992 1005 1084 ἀπήνης,

205 1104 316 1178 ζεῦξεν
335 1094 368 1164 δ’
386 1093 547 1183 ἡμιόνους
563 1094 826 1183 κρατερώνυχας,
845 1089 889 1162 ἀν
906 1094 939 1162 δ’
958 1100 1016 1182 ἒβη
1034 1095 1130 1184 αύτή.

205 1195 355 1282 ὤτρυνεν
372 1193 402 1261 δ’
419 1193 571 1281 Ὀδυσῆα,
589 1197 667 1272 ἔπος
684 1190 708 1260 τ’
728 1190 816 1279 ἔφατ’
837 1199 873 1260 ἐκ
889 1192 915 1261 τ’
933 1193 1160 1279 ὀνόμαζενκῠι

244 1293 382 1382 ,,’ορσεο
395 1291 435 1380 δή
448 1299 523 1377 νῦν,
541 1298 635 1376 ξεῖνε,
647 1291 779 1361 πόλινδ’
792 1301 876 1380 ίμεν,
889 1291 978 1381 ὄφρα
990 1314 1028 1361 σε
1038 1297 1159 1380 πέμψω

204 1391 328 1479 πατρὸς
344 1396 427 1477 ἐμοῦ
444 1389 527 1476 πρός
545 1395 638 1477 δεῖμα
654 1396 847 1478 δαΐφρονος,
866 1397 950 1460 ἔνθα
968 1395 1008 1461 σέ
1022 1419 1106 1480 φημι

204 1492 340 1561 πάντων
357 1489 517 1576 Φαιήκων
534 1493 703 1576 εἰδησέμεν
719 1489 814 1560 ὅσσοι
830 1490 965 1575 ἀριστοι.

204 1590 286 1660 ἀλλά
307 1587 380 1677 μόλ’
394 1581 450 1658 τύδ’
462 1594 585 1674 ἕρδειν·
604 1594 729 1670 δοκέεις
746 1594 785 1660 δέ
796 1617 853 1678 μοι
864 1591 926 1660 ούκ
943 1589 1159 1660 ἀπινύσσειν

204 1689 279 1777 ὄφρ’
298 1686 342 1759 ἀν
359 1693 420 1777 μίν
435 1687 462 1758 κ’
482 1685 607 1774 ἀγρούς
626 1699 719 1775 ἰομεν
737 1693 794 1758 καὶ
809 1689 873 1776 ἔργ’
893 1688 1161 1776 ἀνθρύπων,ι59

88 1831 92 1838 -
203 1789 312 1876 τόφρα
328 1787 393 1859 σύν
410 1787 628 1874 ἀμφιπόλοισι
645 1786 719 1874 μεθ’
738 1787 899 1876 ἡμιόνους
916 1790 972 1857 καὶ
989 1787 1121 1874 ἅμαξαν

204 1894 415 1974 καρπαλίμως
431 1893 600 1972 ἔρχεσθαι·
624 1884 689 1974 ἐμοὶ
709 1887 740 1954 δ’
759 1885 841 1956 ὁδόν
857 1885 1081 1974 ἡγεμονεύσω.

203 1986 308 2070 αότάρ
326 1985 410 2074 ἐπῆν
426 1985 542 2065 πόλιος
559 1989 747 2072 ἐπιβείομεν
780 1985 825 2072 ῆν
860 1988 934 2068 πέρι
954 1984 1083 2070 πύργος

204 2089 339 2176 ὑψηλός,
357 2088 458 2166 καλὰς
475 2090 511 2156 δὲ
527 2087 627 2174 λιμήν
642 2088 802 2173 ἑκάτερθε
821 2089 954 2174 πόληος,

202 2186 301 2274 λεπτή
319 2185 351 2264 δ’
370 2191 521 2273 εἰσίθμη·
544 2195 621 2273 νῆες
638 2185 670 2254 δ’
690 2185 773 2256 ὁδόν
790 2185 1000 2273 ἀμφιέλισσαι

203 2286 365 2372 εἰρύαται·
387 2291 490 2351 πᾶσιν
505 2283 570 2370 γὰρ
587 2286 735 2354 ἐπίστιόν
751 2290 840 2354 ἐστιν
858 2286 992 2376 ε’κάστφ.
1105 2307 1158 2362 265

202 2390 285 2452 ἔνθα
302 2384 342 2452 δέ
356 2384 393 2450 τέ
407 2379 461 2468 σφ’
480 2379 595 2470 ἀγορὴ,
615 2383 720 2452 καλὸν
735 2384 919 2473 Ποσιδήιον
935 2386 1049 2474 ἀμφὶς,

201 2487 348 2570 ῥυτοῖσιν
364 2481 479 2549 λάεσσι
495 2482 727 2570 κατωρυχέεσό
748 2482 900 2572 ἀραρυλα.

200 2587 285 2650 ἔνθα
301 2582 337 2649 δὲ
354 2589 448 2667 νηιύν
465 2579 551 2649 ὅπλα
569 2583 758 2669 μελαινάων
773 2581 960 2672 ἀλέγουσιν,

201 2687 361 2767 πείσματα
377 2683 432 2747 καὶ
447 2694 574 2766 σπεῖρα,
590 2683 647 2750 καὶ
663 2681 868 2763 ἀποξύουσιν
885 2685 1015 2768 ἐρετμά.

200 2777 241 2847 οά
256 2777 324 2864 γὰρ
343 2781 523 2864 Φαιήκεσσι
539 2783 630 2866 μέλει
646 2780 719 2867 βιός
735 2781 813 2849 ούδδ
831 2787 988 2869 φαρέτρη,
1105 2799 1160 2856 ιλο

199 2876 266 2946 ἀλλ’
286 2879 370 2946 ίστοί
387 2880 441 2944 καὶ
457 2877 576 2963 ἰρετμά
593 2887 681 2946 υειῖν
696 2881 752 2948 καὶ
770 2887 846 2966 νῆες
862 2877 962 2968 ἐῖσαι,

198 2970 277 3066 ήσιν
294 2975 514 3063 ἀγαλλόμενοι
530 2978 652 3066 πολιῆν
667 2978 814 3065 περόωσι
829 2980 1019 3064 δάλασσαν,

198 3085 265 3145 τῶν
281 3075 418 3145 ἀλεείνω
436 3085 542 3166 φῆμιν
560 3076 712 3166 ἀδευκέα,
731 3078 777 3166 μή
792 3103 841 3157 τις
856 3075 985 3148 ὀπίσσω

197 3175 369 3265 μωμεύῃ·
385 3175 473 3262 μα’λα
489 3175 520 3245 δ’
541 3180 625 3246 εἰσίν
640 3174 841 3266 ὑπερφίαλοι
858 3173 943 3245 κατὰ
961 3180 1071 3264 δῆμον
1089 3217 1108 3229 -

197 3281 255 3342 καί
269 3273 313 3342 νύ
329 3301 377 3352 τις
395 3266 455 3342 οἶδ’
475 3285 585 3364 εἰπησι
601 3276 789 3362 κακότερος
805 3273 1028 3364 ἀντιβολήσας
1102 3293 1161 3349 ²1⁵

197 3372 257 3438 ‘tle
270 3373 300 3438 δ’
312 3370 370 3439 ὅδε
383 3376 563 3464 Ναυσικάα
579 3376 691 3444 ἕπεται
709 3374 813 3454 καλός
829 3401 865 3444 τε
882 3379 985 3463 μέγας
1000 3403 1037 3444 τε

197 3479 316 3551 ξελνοςς
334 3479 400 3540 ποῦ
418 3478 457 3540 δέ
470 3501 528 3560 μιν
545 3467 638 3557 εὗρες
660 3473 755 3553 πόσις
773 3473 818 3542 νύ
836 3478 870 3543 οἰ
885 3480 1014 3544 ἰσσεται
1034 3476 1135 3564 αὐτῇ.
