2452 3910
389 237 682 314 ομυεεεικε
709 244 766 300 vn.
996 239 1057 306 10⁷

90 389 167 461 ἀλλ’
186 395 269 478 ἐμὸν
286 393 410 462 ούποτε
425 394 542 482 θυμόν
557 398 607 467 ένὶ
626 397 807 484 στήθεσσιν
825 408 980 487 έπειθεν.]

89 492 260 578 ἔνθαμὲν
278 490 430 575 ἑπτάετες
447 495 550 578 μένον
567 500 720 583 ἔμπεδον,
740 502 855 584 εἵματα
872 497 904 566 δ’
923 504 986 570 αίεὶ

90 592 239 676 δάκρυσι
257 591 428 680 δεύεσκον,
447 593 488 680 τά
500 620 557 679 μοι
571 592 721 680 άμβροτα
734 601 820 677 δηλκε
831 599 994 676 Καλνψύ·
1003 615 1055 670 260

90 688 169 759 ἄλλ’
188 687 245 757 ὅτε
262 688 303 776 δή
321 688 480 776 ὀγδόατόν
493 717 551 777 μοι
566 693 791 780 ἐπιπλόμενον
805 700 877 778 ἐτος
889 691 1008 784 ἦλθεν,

90 791 146 858 καί
162 788 239 856 τότε
260 789 302 876 δή
318 787 355 874 μ’
372 794 546 884 ἐκέλςημςν
562 795 793 878 ἐποτρύνουσα
809 799 946 871 νέεσθαι

90 886 203 974 Ζηνός
222 888 284 954 ὑπ’
302 887 464 977 άγγελίης,
482 884 504 976 γ’γ’
521 893 577 960 καλ
595 890 673 970 νόος
690 890 843 979 ἐτράπετ’
862 889 973 978 αύτής.

90 992 200 1074 πέμπε
217 986 251 1056 δ’
267 990 320 1056 ἐπὶ
337 993 466 1076 σχεδίης
482 992 706 1076 πολυδέσμου,
724 989 831 1073 πολλὰ
849 989 883 1058 δ’
901 995 1035 1077 ἔδωκεν,

89 1100 187 1156 σίτου
201 1090 258 1156 καὶ
275 1093 363 1176 μέθυ
380 1085 457 1176 ἡδύ,
474 1089 529 1156 καὶ
546 1087 745 1176 άμβροτα”
714 1115 828 1175 ειμᾳτα
844 1091 951 1174 ἕσσεν,
1000 1105 1051 1160 26⁵

90 1179 199 1312 ούρρν
217 1190 254 1258 δὲ
270 1191 435 1292 προέηκεν
452 1187 609 1274 άπήμονά
626 1213 662 1256 τε
680 1185 798 1274 λιαρόν
813 1213 859 1256 τε.

89 1287 173 1354 ἑπτά
192 1286 230 1358 δὲ
246 1277 306 1370 καὶ
319 1289 398 1356 δέκα
414 1287 477 1374 μέν
492 1285 634 1359 :tuost
611 1313 720 1374 ηματα
737 1287 1007 1374 ποντοπορεύων,

90 1382 359 1473 ὀκτωκαιδεκάτῃ
377 1384 407 1454 δ’
428 1384 573 1472 ἐφάνη”
553 1411 632 1470 ορεα
650 1384 802 1467 σκιόεντα

89 1491 184 1572 γαίης
201 1483 372 1575 ὑμετέρης,
391 1485 521 1572 γήθησε
538 1488 577 1552 δέ
591 1510 648 1570 μοι
665 1489 766 1570 φίλον
783 1476 862 1570 ἦτορ

90 1586 264 1674 δυσμόρῳ·
282 1578 304 1670 ή
321 1575 385 1670 γάρ
402 1591 542 1671 ἔμελλον
561 1589 608 1654 ἐτι
624 1586 823 1670 ξυνέσεσθᾳι
839 1578 923 1670 όίζυλ
998 1597 1049 1654 ²7⁰

89 1690 207 1772 πολλῇ,
227 1683 290 1770 τήν
306 1709 363 1770 μοι
379 1685 507 1768 ἐπῶρσε
525 1681 723 1752 Ποσειδάων
739 1684 934 1764 ε’νοσίχθιου,
1028 1677 1032 1686 ’

89 1780 125 1862 ὅς
140 1809 199 1868 μοι
218 1782 410 1869 ἐφορμήσεις
426 1781 570 1869 άνέμους
587 1783 747 1868 κατέδησε
764 1783 920 1866 κέλευθα,

94 1879 210 1965 ύρινεν
229 1883 266 1950 δὲ
283 1881 460 1966 ,θάλασσαν
475 1879 680 1970 άθέσφμτον,
699 1877 781 1959 ούδέ
787 1905 819 1948 τι
836 1886 925 1966 κῦμα

105 1993 138 2052 λα
156 1986 210 2051 ἐπί
228 1986 357 2067 σχεδίης
373 1980 471 2054 άδινά
491 1981 691 2067 στενάχοντα
708 1981 880 2066 φέρεσθαι.

92 2080 148 2167 τήν
163 2083 228 2167 μέυ
244 2086 356 2150 ἒπειτα
372 2079 500 2150 θύελλα
518 2077 719 2166 διεσκέδασ’·
738 2077 844 2164 αὐτὰρ
861 2086 963 2164 ε”γοογε
994 2093 1045 2150 275

91 2181 270 2268 νηχόμενος
286 2179 363 2253 τάδε
380 2188 498 2266 λαῖτμα
511 2184 696 2266 διέτμαγον,
716 2178 806 2266 ὄφρα
822 2206 862 2264 με
879 2188 957 2266 γαίη

93 2277 231 2368 ύμετέρη
251 2277 410 2348 ἐπέλασσε
429 2279 544 2364 φέρων
560 2277 682 2366 άνεμός
698 2305 733 2351 τε
750 2281 805 2346 καὶ
822 2277 924 2364 ὕδωρ.

90 2376 172 2447 ἔνθα
190 2381 231 2445 κέ
248 2373 284 2462 μ’
304 2379 501 2463 ἐκβαίνοντα
517 2378 654 2466 βιήσατο
672 2376 752 2464 κῦμ’
772 2380 824 2449 ἐπὶ
841 2382 970 2466 χέρσον,

91 2482 209 2563 πέτρης
226 2473 310 2566 πρὸς
325 2475 486 2563 μεγάλῃσι
503 2476 609 2562 βαλὸν
626 2479 681 2546 καὶ
693 2474 829 2560 άτερπέί
841 2479 954 2566 χάρμ’

90 2574 161 2642 ἀλλ’
179 2574 451 2662 ἀναχασσάμενος
470 2585 574 2662 νῆχον
589 2576 700 2660 πάλιν,
719 2569 784 2652 εἷος
801 2577 950 2658 ἐπῆλθον
993 2591 1044 2644 λθο

90 2679 119 2752 ἐς
136 2671 298 2761 ποταμόν,
316 2681 358 2762 τῇ
375 2675 416 2760 δή
435 2701 491 2761 μοι
508 2677 633 2742 ἐείσατο
651 2681 758 2760 χάρις
775 2670 917 2756 άριστος,

92 2783 171 2854 λεῖος
189 2773 355 2862 πετράιου,
371 2775 426 2842 καί
443 2775 496 2842 ἐπὶ
513 2776 636 2853 σκέπας
651 2767 696 2860 ήν
710 2771 853 2858 άνέμοιο.

91 2876 125 2940 ἐκ
142 2870 173 2940 δ’
194 2871 318 2964 ἐ’περου
334 2877 565 2962 θυμηγερέων,
583 2875 635 2941 ἐπὶ
652 2872 684 2940 δ’
702 2871 864 2960 άμβροσίη
881 2872 943 2954 νὺξ

92 2969 211 3055 ἤλυθ’·
230 2971 297 3063 ἐγηὶ
314 2969 346 3038 δ’
367 2970 540 3042 ἀπάνευθε
558 2974 717 3049 διιπετέος
734 2985 891 3056 ποταμοῖο

92 3069 185 3155 ἐκβάς
202 3074 240 3141 ἐν
256 3070 419 3156 θάμνοισι
438 3074 658 3193 κατέδραθον,
677 3068 762 3156 ἀμφὶ
779 3073 815 3140 δέ
832 3070 943 3158 φύλλα
994 3085 1045 3140 θθε

92 3165 285 3259 ηρνσάμην·
305 3169 416 3239 ὕπνον
432 3169 468 3240 δὲ
484 3169 565 3249 θεὸς
582 3167 653 3257 κατ’
675 3165 835 3294 ἀπείρονα
846 3177 956 3290 χεῦεν.

93 3264 174 3337 ἔνθα
195 3271 258 3357 μέν
274 3273 313 3338 ἐν
330 3269 499 3356 φύλλοισι,
519 3275 619 3356 φίλον
635 3270 821 3354 τετιημένος
838 3260 930 3352 ἦτορ,

95 3357 190 3436 εύδον
207 3368 391 3457 παννύχιος
406 3369 462 3436 καὶ
478 3366 531 3438 ἐπ’
551 3365 601 3455 ήω
617 3393 673 3435 και
689 3370 793 3456 μέσον
808 3389 913 3485 ημαρ·

95 3463 208 3534 δύσετό
224 3493 244 3534 τ
250 3463 397 3562 ’ἠέλιος
415 3472 475 3536 καί
487 3491 528 3552 με
545 3463 709 3552 γλυκύς
686 3487 794 3555 υπνος
809 3461 941 3543 άνῆιιεν
