2492 3922
177 220 217 283 10
497 223 787 282 ΟΛΥΣΣΕΙΑΣ
807 227 841 282 Α.

175 379 222 462 ἀφ
244 390 301 450 ίτοι
320 383 353 462 ές
372 382 516 468 μέγαρον
535 378 658 464 πατρός
676 381 758 466 μέγα
778 384 997 469 δυναμένοιο·

175 485 209 547 οἱ
226 480 261 548 δέ
280 479 387 566 γάμον
405 477 557 559 τεύξουσι
575 479 629 546 καὶ
649 475 867 566 ἀρτυνέουσιν
887 486 986 549 ἔεδνα

175 575 280 646 πολλὰ
299 574 383 664 μάλ’,
401 573 483 644 όσσα
503 581 587 644 ἔοικε
607 581 704 662 φίλης
722 577 774 644 ἐπὶ
793 579 911 657 παιδός
933 579 1091 647 ἕπεσθαι.

175 679 227 744 σοὶ
247 674 277 744 δ’
300 673 390 766 αύτῷ
409 681 554 754 πυκινῶς
572 671 795 760 ὑποθήσομαι,
816 683 853 742 αδ
869 700 907 742 κε
927 682 1067 763 πίθηαι·
1197 756 1206 762 ⁴

176 773 229 865 νῆ’
248 774 352 861 ἀρσας
371 776 514 860 ἐρέτῃτιν
533 775 682 857 ἐείκοσιν,
701 769 772 857 ἥτις
791 769 917 860 ἀρίστη,
1081 793 1141 846 280

175 881 265 963 ἔρχεο
285 871 488 958 πευσόμενος
506 867 629 957 πατρὸς
648 867 711 956 δὴν
730 875 925 957 οίχομένοιο,

174 970 216 1058 ἦν
234 976 282 1048 τίς
300 996 350 1038 τοι
369 977 478 1057 είπῃσι
496 975 635 1054 βροτῶν,
653 963 676 1054 ἢ
695 966 800 1036 ὄσσαν
818 965 967 1059 ἀκούσης

175 1072 209 1137 ἐκ
228 1067 320 1154 Διός,
340 1065 396 1154 ἥτε
415 1067 555 1153 μάλιστα
573 1069 667 1153 φέρει
684 1069 779 1146 κλέος
798 1065 1043 1153 ἀνθρώποισιν.

175 1175 287 1253 πρῶτα
306 1168 367 1254 μὲν
386 1169 418 1246 ές
436 1166 553 1236 Πύλον
571 1167 648 1234 ἐλθὲ
666 1167 721 1234 καλ
739 1177 825 1252 είρεο
844 1170 1001 1257 Νέστορα
1022 1175 1112 1257 δῖον,

176 1275 288 1336 κεῖθεν
308 1265 343 1332 δὲ
361 1264 558 1351 Σπάρτηνδε
577 1263 665 1346 παρὰ
687 1262 813 1343 ξανθόν
834 1268 1031 1334 Μενέλαον·
1076 1286 1136 1340 285

175 1360 209 1443 ὃς
228 1363 291 1449 γάρ
312 1363 466 1443 δεύτατος
485 1356 590 1450 ἦλθεν
606 1360 743 1448 Ἀχαιάν
760 1364 1023 1450 χαλκοχιτοόυιου.

174 1468 203 1530 εί
221 1467 283 1546 μέν
301 1487 360 1530 κεν
379 1459 502 1548 πατρὸς
519 1467 633 1548 βίοτον
651 1462 706 1529 καλ
718 1459 845 1530 ’νόστον
865 1461 1025 1554 ἀκούσῃς,

174 1554 194 1648 ἦ
212 1557 238 1630 τ’
259 1557 312 1646 ἀν,
331 1558 531 1647 τρυχόμενός
550 1585 621 1646 περ,
642 1565 688 1628 έτι
706 1565 816 1648 τλαίης
835 1561 1005 1630 ἐνιαυτόν·

174 1665 203 1728 εί
222 1664 259 1728 δέ
276 1687 313 1729 κε
331 1667 518 1746 τεθνηῶτος
536 1657 682 1746 ἀκούσῃς
700 1656 776 1744 μηδ’
798 1656 839 1726 ἔτ’
859 1657 983 1748 ἐόντος,

174 1758 336 1846 νοστήσας
355 1756 394 1845 δὴ
414 1764 524 1826 ἒπειτα
543 1762 643 1843 φίλην
662 1761 694 1835 ές
713 1761 852 1842 πατρίδα
869 1771 969 1842 γαῖαν
1076 1779 1135 1834 290

174 1856 261 1942 σῆμά
280 1857 316 1924 τέ
335 1860 369 1923 οί
384 1863 477 1941 χεῦαι
495 1857 550 1935 καὶ
568 1857 621 1922 έπλ
639 1855 754 1940 κτέρεα
772 1860 931 1938 κτερελξαι

175 1952 277 2025 πολλὰ
297 1951 386 2040 μάλ’,Ι
401 1951 485 2020 όσσα
504 1959 599 2040 έοικε,
619 1954 674 2020 καὶ
692 1949 785 2037 ἀνέρι
804 1957 926 2040 μητέρα
945 1960 1076 2026 δοῦναι.

176 2049 279 2136 αὐτὰρ
298 2047 381 2138 έπην
400 2050 439 2138 δὴ
459 2058 561 2120 ταῦτα
580 2049 774 2138 τελευτήσῃς
791 2075 827 2118 τε
845 2054 900 2119 καλ
919 2057 1024 2142 ἔρξῃς,

176 2149 359 2237 φράζεσθαι
378 2147 417 2236 δη
437 2153 547 2218 ἔπειτα
566 2147 648 2218 κατά
669 2150 776 2236 φρένα
793 2149 847 2216 καὶ
866 2148 949 2217 κατά
965 2153 1085 2240 θυμόν

176 2251 287 2328 ὅππως
305 2276 342 2318 κε
361 2256 548 2336 μνηστῆρας
566 2249 615 2317 ε’νὶ
634 2247 805 2335 μεγάροισιΙ
823 2259 944 2315 τεοῖσιν
1073 2269 1132 2325 295

175 2355 303 2436 κτείνῃς
320 2345 359 2434 ἠὲ
378 2347 464 2438 δόλῳ
483 2344 506 2434 ἢ
525 2345 695 2435 ἀμφαδόν·
715 2343 796 2416 ούδέ
811 2351 845 2414 τί
861 2365 898 2414 σε
916 2349 977 2435 χρὴ

54 2504 56 2509 s
177 2447 314 2536 νηπιάας
333 2445 448 2534 ὀχέειν,
468 2449 538 2516 ἐπεὶ
556 2445 666 2514 ούκέτι
683 2451 815 2533 τηλίκος
833 2449 912 2513 ε’σσί.

174 2544 195 2634 ἢ
214 2545 275 2616 ούκ
294 2545 375 2628 ἀίεις
394 2542 474 2616 οἷον
484 2549 579 2628 κλέος
597 2551 712 2634 ἔλλαβε
732 2549 799 2624 δῖος
816 2542 963 2630 Ὀρέστης

173 2647 298 2726 πάντας
317 2642 363 2715 ἐπ’
384 2645 596 2732 ἀνθρώπους,
615 2647 685 2714 ἐπεὶ
703 2650 818 2714 ἔκτανε
835 2653 1064 2734 πατροφονῆα,

174 2755 338 2831 Αίγισθον
358 2745 552 2833 δολόμητιν,
569 2743 595 2816 ,ό
619 2748 653 2811 οί
669 2748 792 2829 πατέρα
811 2739 934 2810 κλυτόν
953 2747 1048 2826 έκτας
1071 2761 1131 2818 300

173 2845 228 2912 καὶ
245 2841 299 2929 οὐ,
318 2849 412 2928 φίλος
428 2882 447 2893 -
458 2841 551 2928 μάλα
562 2842 625 2926 γάρ
637 2839 669 2909 σ’
681 2839 768 2929 ὁρόω
781 2839 884 2910 καλόν
894 2866 929 2908 τε
941 2842 1047 2927 μέγαν
1059 2871 1095 2912 τε
1108 2889 1122 2900 -

172 2947 307 3028 ἄλκιμος
326 2937 402 3026 fad,
421 2943 476 3008 ἵνα
495 2946 543 3020 τίς
562 2960 599 3008 σε
617 2941 670 3010 καὶ
690 2937 859 3027 ὀψιγόνων
878 2931 917 3006 εὖ
936 2947 1022 3028 εἴπῃ.

172 3037 276 3122 αὐτάρ
296 3037 382 3124 έγάν
401 3039 453 3106 ἐπὶ
471 3046 535 3124 νῆα
555 3037 644 3127 θοην
662 3039 899 3126 κατελεύσομαι
917 3035 981 3126 ἤδη
1026 3118 1031 3129 ι

172 3135 225 3223 ηδ’
246 3136 391 3223 ἑτάρους,
412 3140 446 3204 οἵ
462 3136 528 3222 πού
547 3163 586 3223 με
605 3137 678 3224 μάλ’
698 3135 884 3226 ἀσχαλόωσι
902 3140 1072 3224 μένοντες·

171 3231 222 3304 οολ
242 3232 274 3301 δ’
295 3231 383 3324 αὐτῷ
404 3237 536 3323 μελέτω,
557 3238 611 3305 καὶ
630 3241 719 3324 ἐμῶν
737 3239 875 3326 ἐμπάζεο
895 3237 1052 3324 μύθων.“
1070 3257 1131 3310 305

215 3331 285 3420 Τὴν
304 3329 335 3399 δ’
356 3324 401 3400 αὖ
423 3338 608 3421 Τηλέμαχος
626 3343 834 3424 πεπνυμένος
853 3333 968 3404 ἀντίον
987 3331 1076 3421 ηὔδα

173 3429 281 3515 ,ξελνζ
301 3429 372 3517 ἤτοι
391 3431 452 3517 μὲν
470 3440 574 3500 ταῦτα
594 3441 674 3516 φίλα
694 3439 846 3520 φρονέώυ
865 3432 1048 3521 ἀγορεύεις,
