2392 3914
319 271 611 329 ΟΔΤΣΣΕΙΑΣ
638 273 699 329 XX.
923 269 986 333 319

43 429 137 518 ήλσαν,
157 437 194 500 αἲ
209 437 416 518 μνηστῆρσιν
426 431 658 516 ἐμισγέσκοντο
675 429 780 518 πάρος
797 455 869 519 περ,

44 529 190 618 ἀλλήλῃσι
206 533 292 615 γέλω
308 553 345 596 τε
361 529 416 597 καὶ
434 527 651 617 εὐφροσύνην
668 535 878 617 παρέχουσαι.

43 627 140 698 τοῦδ’
159 626 295 716 ὠρίνετο
313 627 425 716 θυμὸς
440 629 490 696 ἑνὶ
506 628 665 715 στήθεσσι
681 637 842 715 φίλοισιν·

43 728 136 796 πολλὰ
155 729 190 797 δὲ
207 727 383 814 μερμήριζε
404 725 489 796 κατά
505 731 613 816 φρένα
631 731 686 798 καὶ
703 727 786 798 κατὰ
802 727 927 818 θυμὸν,
953 746 986 798 10

43 825 71 913 ήλ
85 830 233 912 μεταΐξας
250 827 405 898 θάνατον
419 827 565 912 τεύξομεν
582 829 714 918 ἑκάστη,

41 922 105 1012 ήέί
124 929 167 1016 εἠῑ
184 935 391 1014 μνηστῆρσιν
404 923 641 1018 ὑπερφιάλοισι
658 937 793 1016 μιγήναι

42 1025 153 1098 ὕστατα
171 1029 226 1094 καὶ
243 1025 386 1112 πύματα,
405 1031 524 1113 κραδίη
541 1030 582 1094 δέ
599 1030 633 1094 oc
647 1031 747 1096 ἔνδον
765 1025 909 1096 ὑλάκτει.

42 1123 77 1205 ὡς
92 1126 125 1196 δὲ
142 1124 236 1196 κύων
251 1124 396 1214 ἀμαλῇσι
411 1127 489 1211 περί
506 1126 709 1194 σκυλάκεσσι
725 1133 858 1213 βεβῶσα

41 1223 119 1312 ἄνδρ’
137 1222 333 1312 άγνοιήσασ’
346 1221 446 1293 ’ύλάει
462 1228 605 1311 μέμονέν
620 1250 656 1292 τε
672 1225 846 1312 μάχεσθαι,
951 1241 984 1294 15

42 1323 78 1404 ύς
92 1327 132 1412 ῥα
148 1333 211 1393 τοῦ
229 1329 329 1395 ἔνδον
346 1321 480 1392 ύλάκτει
497 1321 701 1410 άγαιομένον
714 1321 803 1392 κακά
821 1329 915 1411 ἔργα·

6 1505 7 1514 ¹
42 1430 152 1511 σιήθος
168 1422 209 1491 ab>
222 1421 345 1510 πλήξας
361 1425 503 1508 κραδίην
517 1419 660 1510 ήνίπαπε
678 1423 794 1512 μύθῳ·

75 1522 241 1608 ,,Τε’τλαθι
252 1517 305 1608 δή,
317 1525 451 1608 κραδίη·
465 1522 520 1589 καὶ
530 1521 695 1606 κύντερον
705 1521 785 1590 ἄλλο
798 1519 867 1590 ποτ’
881 1527 982 1609 ἔτλης,

43 1620 127 1708 ήματι
143 1627 194 1712 τῷ
210 1617 267 1688 ὅτε
284 1645 340 1706 μοι
357 1621 456 1706 μένος
473 1619 608 1706 ἄσχετος
622 1619 723 1707 ήσθιε
738 1619 889 1702 Κύκλωψ

6 1781 7 1806 ,
42 1726 191 1807 ἰφθίμους
208 1719 359 1803 ἑτάρους·
381 1717 426 1786 σύ
443 1716 475 1787 δ’
493 1719 641 1808 ἐτόλμας,
659 1717 750 1806 ὄφρα
767 1739 804 1788 σε
821 1727 914 1808 μήτις
949 1735 984 1788 λθ

41 1819 153 1907 ἐξάγαγ’
172 1823 205 1900 ἐξ
223 1816 532 1905 άντροιοιόλόμενον
548 1823 767 1888 θανέεσθαι.“

6 1919 8 1977 ί
67 1915 123 1998 Ὣς
139 1915 242 2004 ἔφατ’,
266 1920 304 1986 ἐν
321 1916 480 2006 στήθεσσι
499 1918 760 2005 καθαπτόμενος
772 1924 872 2005 φίλον
886 1910 983 2007 ήτορ·

7 1999 9 2106 ή
42 2023 79 2108 ιβ
96 2018 130 2088 δὲ
147 2015 220 2106 μάλ’
239 2023 276 2086 ἐν
293 2024 391 2107 πείση
407 2021 526 2105 κραδίη
543 2021 622 2104 μένε
638 2025 790 2104 τετληυῖα

42 2118 213 2204 νωλεμέως·
237 2113 321 2204 ἀτάρ
339 2116 438 2196 αὐτὸς
454 2119 598 2186 ἑλίσσετο
617 2122 702 2186 ἔνθα
715 2120 770 2186 καὶ
787 2122 880 2188 ἔνθα.

44 2212 77 2296 ὡς
94 2215 121 2285 δ’
141 2215 196 2287 ὅτε
210 2214 343 2304 ιγαστέρ’
360 2213 446 2303 ύνήρ
462 2220 580 2304 πολέος
596 2213 703 2300 πυρὸς
718 2217 922 2303 αίθομίνοιο,
949 2233 983 2285 25

43 2317 188 2402 ἐμπλείην
204 2322 320 2402 κνίσης
337 2318 442 2384 τεκαὶ
458 2320 603 2402 αἵματος,
621 2320 706 2384 ἔνθα
722 2316 778 2384 καί
794 2320 878 2384 ἔνθα

43 2416 156 2503 αίόλλη,
174 2415 262 2501 μάλα
279 2411 310 2482 δ’
331 2406 400 2483 ύκα
419 2419 576 2483 λιλαίεται
593 2412 791 2502 ὀπτηθῆναι,

44 2508 80 2592 δς
95 2511 143 2602 ἄρ’
160 2511 208 2599 ὅγ’
227 2518 312 2582 ἔνθα
329 2515 386 2582 καὶ
401 2519 487 2582 ἔνθα
504 2515 658 2597 ἑλίσσετο,
676 2520 883 2600 μερμηρίζων

44 2610 146 2694 ὅππως
165 2611 205 2701 δή
224 2619 431 2702 μνηστῆρσιν
447 2610 604 2683 ἀναιδέσι·
611 2625 721 2699 χεῖρας
737 2612 852 2698 ἐφήσει

45 2721 158 2796 μοῦνος
173 2711 241 2782 ἐάν
256 2715 379 2781 πολέσι.
403 2712 565 2798 σχεδόθεν
582 2715 620 2779 δέ
635 2715 669 2779 ολ
681 2703 790 2798 ήλθεν
801 2708 928 2798 Ἀθήνη
949 2726 984 2780 30

45 2809 226 2897 οὐρανόθεν
245 2819 431 2900 καταβᾶσα·
453 2816 551 2899 δέμας
568 2809 600 2879 δ’
614 2811 710 2898 ’ήλκτο
730 2816 877 2898 γυναικί·

81 3007 190 3096 ,,Τίπτ’
209 3002 278 3078 αὖτ’
299 3009 479 3097 ἐγρήσσεις,
497 3009 725 3093 πάντωνπερὶ
743 3008 895 3095 κάμμορε
913 3034 985 3093 φω-

45 3200 125 3283 οίκος
139 3208 198 3292 μέν
212 3231 265 3274 τοι
281 3203 335 3274 δ’δ’
356 3207 433 3293 ἐστὶ,
451 3135 596 3294 γύύήνδέ
609 3231 660 3275 τοι
676 3204 733 3294 ἥδ’
751 3208 801 3275 ἐνὶ
816 3215 898 3294 ολκςο

44 3302 93 3370 καὶ
107 3315 187 3393 παλς,
205 3303 280 3374 οίύν
296 3305 364 3374 πού
379 3331 429 3386 τις
444 3308 588 3374 ἐέλδεται
602 3312 740 3392 ἔμμεναι
756 3299 847 3372 νῖα.“
951 3317 985 3372 35

84 3400 149 3490 Τήν
168 3403 200 3473 δ’
218 3401 481 3494 ἀπαμειβόμενος
501 3409 654 3526 πηοσίφη
676 3403 857 3489 πολύμητις
869 3399 983 3469 Ὀδυσ-

487 3523 565 3583 σδυς
