<?xml version="1.0" encoding="UTF-8"?>
<!DOCTYPE html PUBLIC "-//W3C//DTD XHTML 1.0 Transitional//EN"
    "http://www.w3.org/TR/xhtml1/DTD/xhtml1-transitional.dtd">
<html xmlns="http://www.w3.org/1999/xhtml" xml:lang="en" lang="en">
 <head>
  <title>
</title>
<meta http-equiv="Content-Type" content="text/html;charset=utf-8" />
  <meta name='ocr-system' content='tesseract 3.04.00' />
  <meta name='ocr-capabilities' content='ocr_page ocr_carea ocr_par ocr_line ocrx_word'/>
</head>
<body>
  <div class='ocr_page' id='page_1' title='image "./homericarminaad00baumgoog_0060.png"; bbox 0 0 2492 3922; ppageno 0'>
   <div class='ocr_carea' id='block_1_1' title="bbox 350 261 1005 326">
    <p class='ocr_par' dir='ltr' id='par_1_1' title="bbox 350 261 1005 326">
     <span class='ocr_line' id='line_1_1' title="bbox 350 261 1005 326; baseline 0 -2"><span class='ocrx_word' id='word_1_1' title='bbox 350 263 642 326; x_wconf 80' lang='grc' dir='ltr'><em>ΟΛΤΣΣΕΙΑΣ</em></span> <span class='ocrx_word' id='word_1_2' title='bbox 664 265 708 320; x_wconf 88' lang='grc' dir='ltr'><strong><em>ΠΙ.</em></strong></span> <span class='ocrx_word' id='word_1_3' title='bbox 966 261 1005 324; x_wconf 76' lang='lat'><strong><em>4³</em></strong></span> 
     </span>
    </p>
   </div>
   <div class='ocr_carea' id='block_1_2' title="bbox 81 419 1006 1996">
    <p class='ocr_par' dir='ltr' id='par_1_2' title="bbox 118 419 1006 607">
     <span class='ocr_line' id='line_1_2' title="bbox 118 419 1006 512; baseline -0.002 -20"><span class='ocrx_word' id='word_1_4' title='bbox 118 423 162 505; x_wconf 71' lang='grc' dir='ltr'><strong><em>’λίς</em></strong></span> <span class='ocrx_word' id='word_1_5' title='bbox 174 424 281 512; x_wconf 77' lang='grc' dir='ltr'><strong><em>ἔφαθ’,</em></strong></span> <span class='ocrx_word' id='word_1_6' title='bbox 299 427 333 492; x_wconf 88' lang='grc' dir='ltr'><strong><em>οί</em></strong></span> <span class='ocrx_word' id='word_1_7' title='bbox 348 420 380 491; x_wconf 87' lang='grc' dir='ltr'><strong><em>δ’</em></strong></span> <span class='ocrx_word' id='word_1_8' title='bbox 399 420 464 507; x_wconf 88' lang='grc' dir='ltr'><strong><em>ἀρα</em></strong></span> <span class='ocrx_word' id='word_1_9' title='bbox 481 423 602 502; x_wconf 87' lang='grc' dir='ltr'><strong><em>πάντες</em></strong></span> <span class='ocrx_word' id='word_1_10' title='bbox 619 424 813 492; x_wconf 74' lang='grc' dir='ltr'><strong><em>ἐποίπνυον.</em></strong></span> <span class='ocrx_word' id='word_1_11' title='bbox 845 419 930 509; x_wconf 83' lang='grc' dir='ltr'><strong><em>ήλθε</em></strong></span> <span class='ocrx_word' id='word_1_12' title='bbox 945 427 1006 510; x_wconf 81' lang='grc' dir='ltr'><strong><em>μλν</em></strong></span> 
     </span>
     <span class='ocr_line' id='line_1_3' title="bbox 507 517 1005 607; baseline 0.006 -19"><span class='ocrx_word' id='word_1_13' title='bbox 507 517 549 606; x_wconf 85' lang='grc' dir='ltr'><strong><em>ἀρ</em></strong></span> <span class='ocrx_word' id='word_1_14' title='bbox 566 528 648 607; x_wconf 78' lang='grc' dir='ltr'><strong><em>βοῦς</em></strong></span> <span class='ocrx_word' id='word_1_15' title='bbox 953 539 1005 592; x_wconf 73' lang='grc'><strong><em>430</em></strong></span> 
     </span>
    </p>

    <p class='ocr_par' dir='ltr' id='par_1_3' title="bbox 88 615 828 709">
     <span class='ocr_line' id='line_1_4' title="bbox 88 615 828 709; baseline 0 -21"><span class='ocrx_word' id='word_1_16' title='bbox 88 625 231 709; x_wconf 80' lang='grc' dir='ltr'><strong><em>ἀπεδίον,</em></strong></span> <span class='ocrx_word' id='word_1_17' title='bbox 250 615 360 707; x_wconf 73' lang='grc' dir='ltr'><strong><em>ἦλθον</em></strong></span> <span class='ocrx_word' id='word_1_18' title='bbox 379 622 415 690; x_wconf 75' lang='grc' dir='ltr'><strong><em>δὲ</em></strong></span> <span class='ocrx_word' id='word_1_19' title='bbox 432 627 519 706; x_wconf 73' lang='grc' dir='ltr'><strong><em>θοῆς</em></strong></span> <span class='ocrx_word' id='word_1_20' title='bbox 535 618 624 704; x_wconf 82' lang='grc' dir='ltr'><strong><em>παρὰ</em></strong></span> <span class='ocrx_word' id='word_1_21' title='bbox 641 622 721 708; x_wconf 86' lang='grc' dir='ltr'><strong><em>νηδς</em></strong></span> <span class='ocrx_word' id='word_1_22' title='bbox 739 623 828 707; x_wconf 85' lang='grc' dir='ltr'><strong><em>έίσης</em></strong></span> 
     </span>
    </p>

    <p class='ocr_par' dir='ltr' id='par_1_4' title="bbox 82 712 1005 1700">
     <span class='ocr_line' id='line_1_5' title="bbox 89 712 947 806; baseline -0.001 -21"><span class='ocrx_word' id='word_1_23' title='bbox 89 723 246 806; x_wconf 73' lang='grc' dir='ltr'><strong><em>Τηλεμάχου</em></strong></span> <span class='ocrx_word' id='word_1_24' title='bbox 265 723 376 805; x_wconf 80' lang='grc' dir='ltr'><strong><em>ἕταροι</em></strong></span> <span class='ocrx_word' id='word_1_25' title='bbox 394 719 627 806; x_wconf 73' lang='grc' dir='ltr'><em>μεγαλήτορος,</em></span> <span class='ocrx_word' id='word_1_26' title='bbox 644 712 729 806; x_wconf 74' lang='grc' dir='ltr'><strong><em>ήλθε</em></strong></span> <span class='ocrx_word' id='word_1_27' title='bbox 746 718 781 786; x_wconf 70' lang='grc' dir='ltr'><strong><em>δὲ</em></strong></span> <span class='ocrx_word' id='word_1_28' title='bbox 797 717 947 804; x_wconf 75' lang='grc' dir='ltr'><strong><em>χαλκεὺς</em></strong></span> 
     </span>
     <span class='ocr_line' id='line_1_6' title="bbox 87 813 876 905; baseline 0.001 -20"><span class='ocrx_word' id='word_1_29' title='bbox 87 813 136 888; x_wconf 77' lang='grc' dir='ltr'><strong><em>ὅπλ’</em></strong></span> <span class='ocrx_word' id='word_1_30' title='bbox 149 821 181 886; x_wconf 79' lang='grc' dir='ltr'><strong><em>έν</em></strong></span> <span class='ocrx_word' id='word_1_31' title='bbox 196 821 311 905; x_wconf 83' lang='grc' dir='ltr'><strong><em>χερσὶν</em></strong></span> <span class='ocrx_word' id='word_1_32' title='bbox 327 824 412 904; x_wconf 76' lang='grc' dir='ltr'><strong><em>ἔχων</em></strong></span> <span class='ocrx_word' id='word_1_33' title='bbox 428 819 579 904; x_wconf 85' lang='grc' dir='ltr'><strong><em>χαλκήλα,</em></strong></span> <span class='ocrx_word' id='word_1_34' title='bbox 597 825 734 902; x_wconf 89' lang='grc' dir='ltr'><strong><em>πείρατα</em></strong></span> <span class='ocrx_word' id='word_1_35' title='bbox 751 820 876 904; x_wconf 80' lang='grc' dir='ltr'><strong><em>τέχνης,</em></strong></span> 
     </span>
     <span class='ocr_line' id='line_1_7' title="bbox 85 915 877 1006; baseline 0.004 -23"><span class='ocrx_word' id='word_1_36' title='bbox 85 916 182 1002; x_wconf 86' lang='grc' dir='ltr'><strong><em>ἀιμονά</em></strong></span> <span class='ocrx_word' id='word_1_37' title='bbox 197 943 233 986; x_wconf 87' lang='grc' dir='ltr'><strong><em>τε</em></strong></span> <span class='ocrx_word' id='word_1_38' title='bbox 250 918 386 1004; x_wconf 83' lang='grc' dir='ltr'><strong><em>σφῦράν</em></strong></span> <span class='ocrx_word' id='word_1_39' title='bbox 402 915 427 986; x_wconf 90' lang='grc' dir='ltr'><strong><em>τ’</em></strong></span> <span class='ocrx_word' id='word_1_40' title='bbox 446 918 623 1004; x_wconf 88' lang='grc' dir='ltr'><strong><em>εὐποίητόν</em></strong></span> <span class='ocrx_word' id='word_1_41' title='bbox 639 943 675 986; x_wconf 88' lang='grc' dir='ltr'><strong><em>τε</em></strong></span> <span class='ocrx_word' id='word_1_42' title='bbox 691 918 877 1006; x_wconf 74' lang='grc' dir='ltr'><em>πυράγρην,</em></span> 
     </span>
     <span class='ocr_line' id='line_1_8' title="bbox 86 1009 1004 1105; baseline 0.003 -23"><span class='ocrx_word' id='word_1_43' title='bbox 86 1009 176 1083; x_wconf 81' lang='grc' dir='ltr'><strong><em>οἷσιντε</em></strong></span> <span class='ocrx_word' id='word_1_44' title='bbox 190 1016 316 1104; x_wconf 85' lang='grc' dir='ltr'><strong><em>χρυσόν</em></strong></span> <span class='ocrx_word' id='word_1_45' title='bbox 333 1017 515 1104; x_wconf 72' lang='grc' dir='ltr'><strong><em>είργοίζετο·</em></strong></span> <span class='ocrx_word' id='word_1_46' title='bbox 537 1011 623 1103; x_wconf 79' lang='grc' dir='ltr'><strong><em>ήλθε</em></strong></span> <span class='ocrx_word' id='word_1_47' title='bbox 642 1015 673 1083; x_wconf 88' lang='grc' dir='ltr'><strong><em>δ’</em></strong></span> <span class='ocrx_word' id='word_1_48' title='bbox 690 1015 815 1105; x_wconf 77' lang='grc' dir='ltr'><strong><em>Ἀθήνη</em></strong></span> <span class='ocrx_word' id='word_1_49' title='bbox 955 1033 1004 1086; x_wconf 80' lang='grc'><strong><em>435</em></strong></span> 
     </span>
     <span class='ocr_line' id='line_1_9' title="bbox 86 1115 852 1204; baseline 0.008 -24"><span class='ocrx_word' id='word_1_50' title='bbox 86 1117 144 1196; x_wconf 51' lang='grc' dir='ltr'><strong><em>ἀρῶν</em></strong></span> <span class='ocrx_word' id='word_1_51' title='bbox 156 1115 325 1184; x_wconf 79' lang='grc' dir='ltr'><strong><em>ἀντιόοισα.</em></strong></span> <span class='ocrx_word' id='word_1_52' title='bbox 354 1117 463 1204; x_wconf 77' lang='grc' dir='ltr'><strong><em>γέρων</em></strong></span> <span class='ocrx_word' id='word_1_53' title='bbox 481 1117 512 1183; x_wconf 88' lang='grc' dir='ltr'><strong><em>δ’</em></strong></span> <span class='ocrx_word' id='word_1_54' title='bbox 531 1116 697 1203; x_wconf 80' lang='grc' dir='ltr'><strong><em>ἱππηλάτα</em></strong></span> <span class='ocrx_word' id='word_1_55' title='bbox 713 1119 852 1202; x_wconf 83' lang='grc' dir='ltr'><strong><em>Νέστορ</em></strong></span> 
     </span>
     <span class='ocr_line' id='line_1_10' title="bbox 84 1211 960 1302; baseline 0.005 -22"><span class='ocrx_word' id='word_1_56' title='bbox 84 1211 177 1296; x_wconf 82' lang='grc' dir='ltr'><strong><em>χρυσόν</em></strong></span> <span class='ocrx_word' id='word_1_57' title='bbox 191 1214 301 1300; x_wconf 71' lang='grc' dir='ltr'><strong><em>ἔδωχ’</em></strong></span> <span class='ocrx_word' id='word_1_58' title='bbox 323 1211 341 1282; x_wconf 84' lang='grc' dir='ltr'>ὁ</span> <span class='ocrx_word' id='word_1_59' title='bbox 359 1214 391 1284; x_wconf 89' lang='grc' dir='ltr'><strong><em>δ’</em></strong></span> <span class='ocrx_word' id='word_1_60' title='bbox 410 1220 520 1284; x_wconf 81' lang='grc' dir='ltr'><strong><em>ἔπειτα</em></strong></span> <span class='ocrx_word' id='word_1_61' title='bbox 537 1214 617 1302; x_wconf 86' lang='grc' dir='ltr'><strong><em>βοός</em></strong></span> <span class='ocrx_word' id='word_1_62' title='bbox 631 1217 768 1300; x_wconf 91' lang='grc' dir='ltr'><strong><em>κέρασιν</em></strong></span> <span class='ocrx_word' id='word_1_63' title='bbox 788 1223 960 1302; x_wconf 73' lang='grc' dir='ltr'><strong><em>περίχευεν</em></strong></span> 
     </span>
     <span class='ocr_line' id='line_1_11' title="bbox 84 1311 831 1403; baseline 0.009 -26"><span class='ocrx_word' id='word_1_64' title='bbox 84 1311 204 1402; x_wconf 78' lang='grc' dir='ltr'><strong><em>ἀτκήσμς,</em></strong></span> <span class='ocrx_word' id='word_1_65' title='bbox 223 1311 266 1382; x_wconf 73' lang='grc' dir='ltr'><strong><em>ἵν’</em></strong></span> <span class='ocrx_word' id='word_1_66' title='bbox 286 1312 416 1400; x_wconf 75' lang='grc' dir='ltr'><strong><em>ἄγαλμα</em></strong></span> <span class='ocrx_word' id='word_1_67' title='bbox 433 1313 497 1384; x_wconf 74' lang='grc' dir='ltr'><strong><em>θεά</em></strong></span> <span class='ocrx_word' id='word_1_68' title='bbox 516 1316 688 1403; x_wconf 76' lang='grc' dir='ltr'><em>κεχάροιτο</em></span> <span class='ocrx_word' id='word_1_69' title='bbox 703 1319 831 1384; x_wconf 86' lang='grc' dir='ltr'><strong><em>ίδοῦσα.</em></strong></span> 
     </span>
     <span class='ocr_line' id='line_1_12' title="bbox 82 1410 1003 1500; baseline 0 -20"><span class='ocrx_word' id='word_1_70' title='bbox 82 1417 144 1495; x_wconf 84' lang='grc' dir='ltr'><strong><em>βοῦν</em></strong></span> <span class='ocrx_word' id='word_1_71' title='bbox 158 1410 185 1481; x_wconf 87' lang='grc' dir='ltr'><strong><em>δ’</em></strong></span> <span class='ocrx_word' id='word_1_72' title='bbox 203 1412 325 1500; x_wconf 73' lang='grc' dir='ltr'><strong><em>ἀγέτην</em></strong></span> <span class='ocrx_word' id='word_1_73' title='bbox 340 1414 472 1500; x_wconf 81' lang='grc' dir='ltr'><strong><em>κεράων</em></strong></span> <span class='ocrx_word' id='word_1_74' title='bbox 489 1420 652 1498; x_wconf 87' lang='grc' dir='ltr'><strong><em>Στρατίος</em></strong></span> <span class='ocrx_word' id='word_1_75' title='bbox 669 1415 724 1484; x_wconf 82' lang='grc' dir='ltr'><strong><em>καὶ</em></strong></span> <span class='ocrx_word' id='word_1_76' title='bbox 747 1418 816 1494; x_wconf 79' lang='grc' dir='ltr'><strong><em>δῖος</em></strong></span> <span class='ocrx_word' id='word_1_77' title='bbox 830 1411 1003 1500; x_wconf 80' lang='grc' dir='ltr'><strong><em>Ἐχέφρων.</em></strong></span> 
     </span>
     <span class='ocr_line' id='line_1_13' title="bbox 84 1510 1005 1600; baseline 0.007 -26"><span class='ocrx_word' id='word_1_78' title='bbox 84 1513 185 1597; x_wconf 83' lang='grc' dir='ltr'><strong><em>χέρνιβα</em></strong></span> <span class='ocrx_word' id='word_1_79' title='bbox 201 1515 238 1582; x_wconf 86' lang='grc' dir='ltr'><strong><em>δέ</em></strong></span> <span class='ocrx_word' id='word_1_80' title='bbox 253 1510 309 1598; x_wconf 84' lang='grc' dir='ltr'><strong><em>σφ’</em></strong></span> <span class='ocrx_word' id='word_1_81' title='bbox 320 1511 460 1600; x_wconf 83' lang='grc' dir='ltr'><strong><em>’Άρητος</em></strong></span> <span class='ocrx_word' id='word_1_82' title='bbox 475 1518 514 1582; x_wconf 81' lang='grc' dir='ltr'><strong><em>ἐν</em></strong></span> <span class='ocrx_word' id='word_1_83' title='bbox 528 1513 730 1600; x_wconf 76' lang='grc' dir='ltr'><strong><em>ἀνθεμόεντι</em></strong></span> <span class='ocrx_word' id='word_1_84' title='bbox 746 1517 858 1599; x_wconf 79' lang='grc' dir='ltr'><strong><em>λέβητι</em></strong></span> <span class='ocrx_word' id='word_1_85' title='bbox 954 1527 1005 1580; x_wconf 82' lang='grc'><strong><em>440</em></strong></span> 
     </span>
     <span class='ocr_line' id='line_1_14' title="bbox 83 1605 930 1700; baseline 0.004 -25"><span class='ocrx_word' id='word_1_86' title='bbox 83 1605 179 1694; x_wconf 78' lang='grc' dir='ltr'><strong><em>ήλυθεν</em></strong></span> <span class='ocrx_word' id='word_1_87' title='bbox 193 1616 229 1680; x_wconf 80' lang='grc' dir='ltr'><strong><em>ἐκ.</em></strong></span> <span class='ocrx_word' id='word_1_88' title='bbox 245 1613 414 1698; x_wconf 77' lang='grc' dir='ltr'><em>θαλάμοιο</em></span> <span class='ocrx_word' id='word_1_89' title='bbox 432 1615 557 1698; x_wconf 80' lang='grc' dir='ltr'><strong><em>φέρειν,</em></strong></span> <span class='ocrx_word' id='word_1_90' title='bbox 574 1615 668 1700; x_wconf 83' lang='grc' dir='ltr'><strong><em>έτέρη</em></strong></span> <span class='ocrx_word' id='word_1_91' title='bbox 687 1607 718 1679; x_wconf 85' lang='grc' dir='ltr'><strong><em>δ’</em></strong></span> <span class='ocrx_word' id='word_1_92' title='bbox 737 1615 811 1696; x_wconf 82' lang='grc' dir='ltr'><strong><em>έχεν</em></strong></span> <span class='ocrx_word' id='word_1_93' title='bbox 828 1607 930 1689; x_wconf 77' lang='grc' dir='ltr'><strong><em>οὐλὰς</em></strong></span> 
     </span>
    </p>

    <p class='ocr_par' dir='ltr' id='par_1_5' title="bbox 81 1709 1004 1996">
     <span class='ocr_line' id='line_1_15' title="bbox 83 1709 940 1801; baseline 0.006 -28"><span class='ocrx_word' id='word_1_94' title='bbox 83 1711 107 1774; x_wconf 87' lang='grc' dir='ltr'><strong><em>ίν</em></strong></span> <span class='ocrx_word' id='word_1_95' title='bbox 118 1715 224 1801; x_wconf 78' lang='grc' dir='ltr'><strong><em>κανέρι·</em></strong></span> <span class='ocrx_word' id='word_1_96' title='bbox 243 1716 387 1784; x_wconf 84' lang='grc' dir='ltr'><strong><em>πέλεκυν</em></strong></span> <span class='ocrx_word' id='word_1_97' title='bbox 405 1714 441 1781; x_wconf 70' lang='grc' dir='ltr'><strong><em>δέ</em></strong></span> <span class='ocrx_word' id='word_1_98' title='bbox 459 1713 701 1798; x_wconf 80' lang='grc' dir='ltr'><strong><em>μενεπτόλεμος</em></strong></span> <span class='ocrx_word' id='word_1_99' title='bbox 717 1709 940 1796; x_wconf 73' lang='grc' dir='ltr'><strong><em>Θρασυμήδης</em></strong></span> 
     </span>
     <span class='ocr_line' id='line_1_16' title="bbox 81 1802 899 1899; baseline 0.002 -27"><span class='ocrx_word' id='word_1_100' title='bbox 81 1802 138 1886; x_wconf 78' lang='grc' dir='ltr'><strong><em>ὁξύυ</em></strong></span> <span class='ocrx_word' id='word_1_101' title='bbox 151 1815 229 1894; x_wconf 76' lang='grc' dir='ltr'><strong><em>έχων</em></strong></span> <span class='ocrx_word' id='word_1_102' title='bbox 245 1813 283 1880; x_wconf 84' lang='grc' dir='ltr'><strong><em>έν</em></strong></span> <span class='ocrx_word' id='word_1_103' title='bbox 299 1817 382 1899; x_wconf 75' lang='grc' dir='ltr'><strong><em>χειρί</em></strong></span> <span class='ocrx_word' id='word_1_104' title='bbox 407 1819 597 1898; x_wconf 88' lang='grc' dir='ltr'><strong><em>παρίστατο,</em></strong></span> <span class='ocrx_word' id='word_1_105' title='bbox 616 1817 704 1898; x_wconf 83' lang='grc' dir='ltr'><strong><em>βοῦν</em></strong></span> <span class='ocrx_word' id='word_1_106' title='bbox 720 1808 899 1888; x_wconf 75' lang='grc' dir='ltr'><strong><em>ἐπικόψων.</em></strong></span> 
     </span>
     <span class='ocr_line' id='line_1_17' title="bbox 82 1905 1004 1996; baseline 0.005 -25"><span class='ocrx_word' id='word_1_107' title='bbox 82 1905 198 1992; x_wconf 74' lang='grc' dir='ltr'><strong><em>Περσεὺς</em></strong></span> <span class='ocrx_word' id='word_1_108' title='bbox 214 1907 245 1976; x_wconf 87' lang='grc' dir='ltr'><strong><em>δ’</em></strong></span> <span class='ocrx_word' id='word_1_109' title='bbox 267 1907 388 1996; x_wconf 83' lang='grc' dir='ltr'><strong><em>ἀμνίον</em></strong></span> <span class='ocrx_word' id='word_1_110' title='bbox 405 1909 484 1995; x_wconf 73' lang='grc' dir='ltr'><strong><em>εἶχε·</em></strong></span> <span class='ocrx_word' id='word_1_111' title='bbox 506 1913 617 1996; x_wconf 75' lang='grc' dir='ltr'><strong><em>γέρων</em></strong></span> <span class='ocrx_word' id='word_1_112' title='bbox 634 1907 664 1976; x_wconf 91' lang='grc' dir='ltr'><strong><em>δ’</em></strong></span> <span class='ocrx_word' id='word_1_113' title='bbox 684 1909 850 1996; x_wconf 78' lang='grc' dir='ltr'><strong><em>ἱππηλάτα</em></strong></span> <span class='ocrx_word' id='word_1_114' title='bbox 866 1911 1004 1990; x_wconf 82' lang='grc' dir='ltr'><strong><em>Νέστωρ</em></strong></span> 
     </span>
    </p>
   </div>
   <div class='ocr_carea' id='block_1_3' title="bbox 79 2003 1112 2098">
    <p class='ocr_par' dir='ltr' id='par_1_6' title="bbox 79 2003 1112 2098">
     <span class='ocr_line' id='line_1_18' title="bbox 79 2003 1112 2098; baseline 0.007 -27"><span class='ocrx_word' id='word_1_115' title='bbox 79 2007 183 2092; x_wconf 80' lang='grc' dir='ltr'><strong><em>χέρνιβά</em></strong></span> <span class='ocrx_word' id='word_1_116' title='bbox 192 2006 215 2074; x_wconf 88' lang='grc' dir='ltr'><strong><em>τ’</em></strong></span> <span class='ocrx_word' id='word_1_117' title='bbox 226 2005 409 2094; x_wconf 83' lang='grc' dir='ltr'><strong><em>οὐλοχύτας</em></strong></span> <span class='ocrx_word' id='word_1_118' title='bbox 419 2034 454 2076; x_wconf 85' lang='grc' dir='ltr'><strong><em>τε</em></strong></span> <span class='ocrx_word' id='word_1_119' title='bbox 465 2007 656 2097; x_wconf 83' lang='grc' dir='ltr'><strong><em>κατήρχετο,</em></strong></span> <span class='ocrx_word' id='word_1_120' title='bbox 664 2008 768 2076; x_wconf 80' lang='grc' dir='ltr'><strong><em>πολλά</em></strong></span> <span class='ocrx_word' id='word_1_121' title='bbox 782 2003 809 2075; x_wconf 82' lang='grc' dir='ltr'><strong><em>δ’</em></strong></span> <span class='ocrx_word' id='word_1_122' title='bbox 820 2003 949 2094; x_wconf 77' lang='grc' dir='ltr'><strong><em>Ἀδήνχ</em></strong></span> <span class='ocrx_word' id='word_1_123' title='bbox 956 2021 1005 2075; x_wconf 86' lang='grc'><strong><em>445</em></strong></span> <span class='ocrx_word' id='word_1_124' title='bbox 1106 2087 1112 2098; x_wconf 48' lang='grc'><strong><em>,</em></strong></span> 
     </span>
    </p>
   </div>
   <div class='ocr_carea' id='block_1_4' title="bbox 76 2103 1111 2690">
    <p class='ocr_par' dir='ltr' id='par_1_7' title="bbox 76 2103 1111 2690">
     <span class='ocr_line' id='line_1_19' title="bbox 80 2103 1003 2195; baseline 0.003 -25"><span class='ocrx_word' id='word_1_125' title='bbox 80 2103 155 2188; x_wconf 79' lang='grc' dir='ltr'><strong><em>εὔχετ’</em></strong></span> <span class='ocrx_word' id='word_1_126' title='bbox 165 2104 401 2194; x_wconf 82' lang='grc' dir='ltr'><strong><em>ἀπαρχόμενος,</em></strong></span> <span class='ocrx_word' id='word_1_127' title='bbox 419 2115 567 2195; x_wconf 76' lang='grc' dir='ltr'><strong><em>κεφαλῆς</em></strong></span> <span class='ocrx_word' id='word_1_128' title='bbox 582 2115 693 2193; x_wconf 84' lang='grc' dir='ltr'><strong><em>τρίχας</em></strong></span> <span class='ocrx_word' id='word_1_129' title='bbox 710 2111 747 2175; x_wconf 84' lang='grc' dir='ltr'><strong><em>έν</em></strong></span> <span class='ocrx_word' id='word_1_130' title='bbox 762 2109 843 2194; x_wconf 80' lang='grc' dir='ltr'><strong><em>πυρὶ</em></strong></span> <span class='ocrx_word' id='word_1_131' title='bbox 859 2107 1003 2194; x_wconf 82' lang='grc' dir='ltr'><strong><em>βάλλων.</em></strong></span> 
     </span>
     <span class='ocr_line' id='line_1_20' title="bbox 106 2202 1111 2301; baseline 0.004 -31"><span class='ocrx_word' id='word_1_132' title='bbox 106 2202 208 2290; x_wconf 78' lang='grc' dir='ltr'><strong><em>Αὐτὰρ</em></strong></span> <span class='ocrx_word' id='word_1_133' title='bbox 225 2210 298 2280; x_wconf 77' lang='grc' dir='ltr'><strong><em>ἐπεί</em></strong></span> <span class='ocrx_word' id='word_1_134' title='bbox 311 2205 343 2292; x_wconf 74' lang='grc' dir='ltr'><strong><em>δ’</em></strong></span> <span class='ocrx_word' id='word_1_135' title='bbox 358 2206 495 2301; x_wconf 75' lang='grc' dir='ltr'><strong><em>εὔξαντο</em></strong></span> <span class='ocrx_word' id='word_1_136' title='bbox 512 2209 569 2276; x_wconf 86' lang='grc' dir='ltr'><strong><em>καὶ</em></strong></span> <span class='ocrx_word' id='word_1_137' title='bbox 586 2205 767 2294; x_wconf 80' lang='grc' dir='ltr'><strong><em>οὐλοχύτας</em></strong></span> <span class='ocrx_word' id='word_1_138' title='bbox 785 2206 1004 2293; x_wconf 73' lang='grc' dir='ltr'><strong><em>προβάλοντο,</em></strong></span> <span class='ocrx_word' id='word_1_139' title='bbox 1108 2217 1111 2224; x_wconf 87' lang='grc'><strong>“</strong></span> 
     </span>
     <span class='ocr_line' id='line_1_21' title="bbox 77 2301 917 2394; baseline 0.007 -27"><span class='ocrx_word' id='word_1_140' title='bbox 77 2301 169 2370; x_wconf 85' lang='grc' dir='ltr'><strong><em>αὐτίκα</em></strong></span> <span class='ocrx_word' id='word_1_141' title='bbox 185 2308 354 2389; x_wconf 81' lang='grc' dir='ltr'><strong><em>Νέστορος</em></strong></span> <span class='ocrx_word' id='word_1_142' title='bbox 370 2305 453 2391; x_wconf 83' lang='grc' dir='ltr'><strong><em>υίὸς,</em></strong></span> <span class='ocrx_word' id='word_1_143' title='bbox 472 2305 668 2394; x_wconf 80' lang='grc' dir='ltr'><strong><em>ὑπέρθυμος</em></strong></span> <span class='ocrx_word' id='word_1_144' title='bbox 685 2307 917 2394; x_wconf 78' lang='grc' dir='ltr'><strong><em>Θρασυμήδης,</em></strong></span> 
     </span>
     <span class='ocr_line' id='line_1_22' title="bbox 76 2400 926 2490; baseline 0.002 -21"><span class='ocrx_word' id='word_1_145' title='bbox 76 2400 174 2485; x_wconf 76' lang='grc' dir='ltr'><strong><em>ἤλασεν</em></strong></span> <span class='ocrx_word' id='word_1_146' title='bbox 190 2403 266 2490; x_wconf 83' lang='grc' dir='ltr'><strong><em>ἀγχι</em></strong></span> <span class='ocrx_word' id='word_1_147' title='bbox 282 2407 376 2484; x_wconf 84' lang='grc' dir='ltr'><strong><em>στάς·</em></strong></span> <span class='ocrx_word' id='word_1_148' title='bbox 399 2412 538 2485; x_wconf 86' lang='grc' dir='ltr'><strong><em>πέλεκυς</em></strong></span> <span class='ocrx_word' id='word_1_149' title='bbox 556 2404 586 2474; x_wconf 90' lang='grc' dir='ltr'><strong><em>δ’</em></strong></span> <span class='ocrx_word' id='word_1_150' title='bbox 607 2405 754 2487; x_wconf 78' lang='grc' dir='ltr'><strong><em>ἀπέκοψε</em></strong></span> <span class='ocrx_word' id='word_1_151' title='bbox 770 2407 926 2482; x_wconf 87' lang='grc' dir='ltr'><strong><em>τένοντας</em></strong></span> 
     </span>
     <span class='ocr_line' id='line_1_23' title="bbox 77 2499 1003 2593; baseline 0.003 -26"><span class='ocrx_word' id='word_1_152' title='bbox 77 2499 235 2588; x_wconf 80' lang='grc' dir='ltr'><strong><em>αὐχενίους,</em></strong></span> <span class='ocrx_word' id='word_1_153' title='bbox 254 2513 354 2574; x_wconf 80' lang='grc' dir='ltr'><strong><em>λῦσεν</em></strong></span> <span class='ocrx_word' id='word_1_154' title='bbox 371 2507 406 2574; x_wconf 76' lang='grc' dir='ltr'><strong><em>δὲ</em></strong></span> <span class='ocrx_word' id='word_1_155' title='bbox 422 2503 504 2593; x_wconf 83' lang='grc' dir='ltr'><strong><em>βοός</em></strong></span> <span class='ocrx_word' id='word_1_156' title='bbox 520 2508 635 2592; x_wconf 84' lang='grc' dir='ltr'><strong><em>μένος·</em></strong></span> <span class='ocrx_word' id='word_1_157' title='bbox 659 2509 695 2573; x_wconf 90' lang='grc' dir='ltr'><strong><em>αί</em></strong></span> <span class='ocrx_word' id='word_1_158' title='bbox 711 2503 742 2574; x_wconf 88' lang='grc' dir='ltr'><strong><em>δ’</em></strong></span> <span class='ocrx_word' id='word_1_159' title='bbox 761 2503 926 2582; x_wconf 80' lang='grc' dir='ltr'><strong><em>ὀλόλυξαν</em></strong></span> <span class='ocrx_word' id='word_1_160' title='bbox 953 2517 1003 2570; x_wconf 78' lang='grc'><strong><em>454</em></strong></span> 
     </span>
     <span class='ocr_line' id='line_1_24' title="bbox 78 2602 835 2690; baseline -0.004 -18"><span class='ocrx_word' id='word_1_161' title='bbox 78 2609 234 2690; x_wconf 63' lang='grc' dir='ltr'><strong><em>θυγατέρες</em></strong></span> <span class='ocrx_word' id='word_1_162' title='bbox 251 2631 284 2671; x_wconf 85' lang='grc' dir='ltr'><strong><em>τε</em></strong></span> <span class='ocrx_word' id='word_1_163' title='bbox 302 2611 380 2672; x_wconf 87' lang='grc' dir='ltr'><strong><em>νυοί</em></strong></span> <span class='ocrx_word' id='word_1_164' title='bbox 394 2631 429 2672; x_wconf 91' lang='grc' dir='ltr'><strong><em>τε</em></strong></span> <span class='ocrx_word' id='word_1_165' title='bbox 445 2607 502 2674; x_wconf 78' lang='grc' dir='ltr'><strong><em>καὶ</em></strong></span> <span class='ocrx_word' id='word_1_166' title='bbox 518 2609 626 2688; x_wconf 86' lang='grc' dir='ltr'><strong><em>αίδοίη</em></strong></span> <span class='ocrx_word' id='word_1_167' title='bbox 642 2602 835 2689; x_wconf 76' lang='grc' dir='ltr'><strong><em>παράκοιτις</em></strong></span> 
     </span>
    </p>
   </div>
   <div class='ocr_carea' id='block_1_5' title="bbox 76 2701 1116 2800">
    <p class='ocr_par' dir='ltr' id='par_1_8' title="bbox 76 2701 1116 2800">
     <span class='ocr_line' id='line_1_25' title="bbox 76 2701 1116 2800; baseline 0.001 -35"><span class='ocrx_word' id='word_1_168' title='bbox 76 2705 230 2788; x_wconf 86' lang='grc' dir='ltr'><strong><em>Νέστορος,</em></strong></span> <span class='ocrx_word' id='word_1_169' title='bbox 249 2701 428 2791; x_wconf 69' lang='grc' dir='ltr'><strong><em>Εὐρυδίκη,</em></strong></span> <span class='ocrx_word' id='word_1_170' title='bbox 447 2706 575 2792; x_wconf 82' lang='grc' dir='ltr'><strong><em>πρέσβα</em></strong></span> <span class='ocrx_word' id='word_1_171' title='bbox 591 2703 780 2789; x_wconf 85' lang='grc' dir='ltr'><strong><em>Κλυμένοιο</em></strong></span> <span class='ocrx_word' id='word_1_172' title='bbox 797 2707 988 2786; x_wconf 70' lang='grc' dir='ltr'><strong><em>θυγατρῶν.</em></strong></span> <span class='ocrx_word' id='word_1_173' title='bbox 1112 2793 1116 2800; x_wconf 30' lang='grc' dir='ltr'>Ι</span> 
     </span>
    </p>
   </div>
   <div class='ocr_carea' id='block_1_6' title="bbox 75 2799 1006 3578">
    <p class='ocr_par' dir='ltr' id='par_1_9' title="bbox 75 2799 900 2890">
     <span class='ocr_line' id='line_1_26' title="bbox 75 2799 900 2890; baseline 0.002 -24"><span class='ocrx_word' id='word_1_174' title='bbox 75 2803 99 2864; x_wconf 81' lang='grc' dir='ltr'><strong><em>οἱ</em></strong></span> <span class='ocrx_word' id='word_1_175' title='bbox 109 2802 161 2883; x_wconf 75' lang='grc' dir='ltr'><strong><em>μὲν</em></strong></span> <span class='ocrx_word' id='word_1_176' title='bbox 177 2799 273 2868; x_wconf 77' lang='grc' dir='ltr'><strong><em>ἔπειτ’</em></strong></span> <span class='ocrx_word' id='word_1_177' title='bbox 293 2800 470 2884; x_wconf 71' lang='grc' dir='ltr'><strong><em>ἀνελόντες,</em></strong></span> <span class='ocrx_word' id='word_1_178' title='bbox 484 2802 549 2872; x_wconf 83' lang='grc' dir='ltr'><strong><em>ἀπὸ</em></strong></span> <span class='ocrx_word' id='word_1_179' title='bbox 567 2801 692 2890; x_wconf 70' lang='grc' dir='ltr'><strong><em>χθονός</em></strong></span> <span class='ocrx_word' id='word_1_180' title='bbox 708 2800 900 2887; x_wconf 88' lang='grc' dir='ltr'><strong><em>εὐρυοδείης</em></strong></span> 
     </span>
    </p>

    <p class='ocr_par' dir='ltr' id='par_1_10' title="bbox 75 2897 1003 3287">
     <span class='ocr_line' id='line_1_27' title="bbox 75 2897 1003 2992; baseline 0 -29"><span class='ocrx_word' id='word_1_181' title='bbox 75 2900 163 2986; x_wconf 73' lang='grc' dir='ltr'><strong><em>ἶσχον·</em></strong></span> <span class='ocrx_word' id='word_1_182' title='bbox 184 2899 270 2985; x_wconf 87' lang='grc' dir='ltr'><strong><em>ἀτάρ</em></strong></span> <span class='ocrx_word' id='word_1_183' title='bbox 286 2902 411 2986; x_wconf 83' lang='grc' dir='ltr'><strong><em>σφάξεν</em></strong></span> <span class='ocrx_word' id='word_1_184' title='bbox 427 2909 677 2988; x_wconf 87' lang='grc' dir='ltr'><strong><em>Πεισίστρατος,</em></strong></span> <span class='ocrx_word' id='word_1_185' title='bbox 701 2899 843 2992; x_wconf 85' lang='grc' dir='ltr'><strong><em>ὄρχαμος</em></strong></span> <span class='ocrx_word' id='word_1_186' title='bbox 859 2897 1003 2984; x_wconf 76' lang='grc' dir='ltr'><strong><em>ἀνδρῶν.</em></strong></span> 
     </span>
     <span class='ocr_line' id='line_1_28' title="bbox 76 2995 1003 3088; baseline 0.003 -27"><span class='ocrx_word' id='word_1_187' title='bbox 76 3004 116 3082; x_wconf 81' lang='grc' dir='ltr'><strong><em>τῆς</em></strong></span> <span class='ocrx_word' id='word_1_188' title='bbox 129 2999 156 3066; x_wconf 80' lang='grc' dir='ltr'><strong><em>δ’</em></strong></span> <span class='ocrx_word' id='word_1_189' title='bbox 177 3002 250 3068; x_wconf 76' lang='grc' dir='ltr'><strong><em>ἐπεὶ</em></strong></span> <span class='ocrx_word' id='word_1_190' title='bbox 265 3003 300 3068; x_wconf 83' lang='grc' dir='ltr'><strong><em>ἐκ</em></strong></span> <span class='ocrx_word' id='word_1_191' title='bbox 317 3002 420 3088; x_wconf 83' lang='grc' dir='ltr'><strong><em>μέλαν</em></strong></span> <span class='ocrx_word' id='word_1_192' title='bbox 437 2999 526 3088; x_wconf 81' lang='grc' dir='ltr'><strong><em>αἷμα·</em></strong></span> <span class='ocrx_word' id='word_1_193' title='bbox 535 3003 610 3088; x_wconf 83' lang='grc' dir='ltr'><strong><em>ῥόη,</em></strong></span> <span class='ocrx_word' id='word_1_194' title='bbox 626 3008 701 3068; x_wconf 87' lang='grc' dir='ltr'><strong><em>λίπε</em></strong></span> <span class='ocrx_word' id='word_1_195' title='bbox 719 2997 751 3065; x_wconf 81' lang='grc' dir='ltr'><strong><em>δ’</em></strong></span> <span class='ocrx_word' id='word_1_196' title='bbox 769 2996 866 3066; x_wconf 80' lang='grc' dir='ltr'><strong><em>ὀστέα</em></strong></span> <span class='ocrx_word' id='word_1_197' title='bbox 883 2995 1003 3082; x_wconf 81' lang='grc' dir='ltr'><strong><em>θυμός,</em></strong></span> 
     </span>
     <span class='ocr_line' id='line_1_29' title="bbox 75 3094 1001 3186; baseline 0.004 -24"><span class='ocrx_word' id='word_1_198' title='bbox 75 3094 122 3176; x_wconf 77' lang='grc' dir='ltr'><strong><em>αἶρ’</em></strong></span> <span class='ocrx_word' id='word_1_199' title='bbox 138 3096 199 3182; x_wconf 85' lang='grc' dir='ltr'><strong><em>ἀρα</em></strong></span> <span class='ocrx_word' id='word_1_200' title='bbox 216 3123 276 3184; x_wconf 91' lang='grc' dir='ltr'><strong><em>μιν</em></strong></span> <span class='ocrx_word' id='word_1_201' title='bbox 293 3101 451 3185; x_wconf 88' lang='grc' dir='ltr'><strong><em>διέχευαν,</em></strong></span> <span class='ocrx_word' id='word_1_202' title='bbox 471 3099 564 3186; x_wconf 84' lang='grc' dir='ltr'><strong><em>ἀφαρ</em></strong></span> <span class='ocrx_word' id='word_1_203' title='bbox 582 3097 614 3167; x_wconf 89' lang='grc' dir='ltr'><strong><em>δ’</em></strong></span> <span class='ocrx_word' id='word_1_204' title='bbox 632 3101 669 3168; x_wconf 83' lang='grc' dir='ltr'><strong><em>έκ</em></strong></span> <span class='ocrx_word' id='word_1_205' title='bbox 685 3104 786 3186; x_wconf 91' lang='grc' dir='ltr'><strong><em>μηρία</em></strong></span> <span class='ocrx_word' id='word_1_206' title='bbox 802 3097 931 3182; x_wconf 90' lang='grc' dir='ltr'><strong><em>τάμνον</em></strong></span> <span class='ocrx_word' id='word_1_207' title='bbox 952 3109 1001 3166; x_wconf 60' lang='grc'><strong><em>454</em></strong></span> 
     </span>
     <span class='ocr_line' id='line_1_30' title="bbox 75 3192 867 3287; baseline 0.006 -29"><span class='ocrx_word' id='word_1_208' title='bbox 75 3196 160 3263; x_wconf 82' lang='grc' dir='ltr'><strong><em>πάντα</em></strong></span> <span class='ocrx_word' id='word_1_209' title='bbox 176 3192 264 3265; x_wconf 80' lang='grc' dir='ltr'><strong><em>κατὰ</em></strong></span> <span class='ocrx_word' id='word_1_210' title='bbox 280 3212 406 3287; x_wconf 75' lang='grc' dir='ltr'><strong><em>μοῖραν,</em></strong></span> <span class='ocrx_word' id='word_1_211' title='bbox 428 3200 512 3268; x_wconf 88' lang='grc' dir='ltr'><strong><em>κατά</em></strong></span> <span class='ocrx_word' id='word_1_212' title='bbox 529 3225 564 3268; x_wconf 87' lang='grc' dir='ltr'><strong><em>τε</em></strong></span> <span class='ocrx_word' id='word_1_213' title='bbox 581 3206 679 3287; x_wconf 81' lang='grc' dir='ltr'><strong><em>κνίση</em></strong></span> <span class='ocrx_word' id='word_1_214' title='bbox 695 3197 867 3278; x_wconf 80' lang='grc' dir='ltr'><strong><em>ἐκάλυψαν</em></strong></span> 
     </span>
    </p>

    <p class='ocr_par' dir='ltr' id='par_1_11' title="bbox 75 3295 918 3385">
     <span class='ocr_line' id='line_1_31' title="bbox 75 3295 918 3385; baseline 0.004 -28"><span class='ocrx_word' id='word_1_215' title='bbox 75 3297 191 3382; x_wconf 88' lang='grc' dir='ltr'><strong><em>δίπτυχα</em></strong></span> <span class='ocrx_word' id='word_1_216' title='bbox 207 3295 412 3385; x_wconf 82' lang='grc' dir='ltr'><strong><em>ποιήσαντες,</em></strong></span> <span class='ocrx_word' id='word_1_217' title='bbox 434 3297 488 3367; x_wconf 74' lang='grc' dir='ltr'><strong><em>ἐπ’</em></strong></span> <span class='ocrx_word' id='word_1_218' title='bbox 509 3296 621 3368; x_wconf 77' lang='grc' dir='ltr'><strong><em>αὐτῶν</em></strong></span> <span class='ocrx_word' id='word_1_219' title='bbox 639 3295 671 3366; x_wconf 87' lang='grc' dir='ltr'><strong><em>δ’</em></strong></span> <span class='ocrx_word' id='word_1_220' title='bbox 690 3297 918 3384; x_wconf 76' lang='grc' dir='ltr'><strong><em>ὠμοθέτησαν.</em></strong></span> 
     </span>
    </p>

    <p class='ocr_par' dir='ltr' id='par_1_12' title="bbox 75 3392 1006 3578">
     <span class='ocr_line' id='line_1_32' title="bbox 75 3392 966 3484; baseline 0.001 -24"><span class='ocrx_word' id='word_1_221' title='bbox 75 3407 128 3460; x_wconf 79' lang='grc' dir='ltr'><strong><em>καῖε</em></strong></span> <span class='ocrx_word' id='word_1_222' title='bbox 142 3393 172 3462; x_wconf 87' lang='grc' dir='ltr'><strong><em>δ’</em></strong></span> <span class='ocrx_word' id='word_1_223' title='bbox 190 3396 245 3460; x_wconf 83' lang='grc' dir='ltr'><strong><em>έπλ</em></strong></span> <span class='ocrx_word' id='word_1_224' title='bbox 262 3400 364 3484; x_wconf 71' lang='grc' dir='ltr'><strong><em>σχίζῃς</em></strong></span> <span class='ocrx_word' id='word_1_225' title='bbox 379 3395 397 3464; x_wconf 91' lang='grc' dir='ltr'><strong><em>ό</em></strong></span> <span class='ocrx_word' id='word_1_226' title='bbox 414 3401 533 3484; x_wconf 78' lang='grc' dir='ltr'><strong><em>γέρων,</em></strong></span> <span class='ocrx_word' id='word_1_227' title='bbox 552 3400 605 3464; x_wconf 79' lang='grc' dir='ltr'><strong><em>ἐπὶ</em></strong></span> <span class='ocrx_word' id='word_1_228' title='bbox 621 3395 652 3464; x_wconf 90' lang='grc' dir='ltr'><strong><em>δ’</em></strong></span> <span class='ocrx_word' id='word_1_229' title='bbox 673 3407 800 3464; x_wconf 73' lang='grc' dir='ltr'><strong><em>αίθοπα</em></strong></span> <span class='ocrx_word' id='word_1_230' title='bbox 816 3392 910 3462; x_wconf 85' lang='grc' dir='ltr'><strong><em>οίνον</em></strong></span> <span class='ocrx_word' id='word_1_231' title='bbox 956 3473 966 3484; x_wconf 31' lang='grc'>1</span> 
     </span>
     <span class='ocr_line' id='line_1_33' title="bbox 76 3489 1006 3578; baseline -0.004 -20"><span class='ocrx_word' id='word_1_232' title='bbox 76 3498 155 3574; x_wconf 68' lang='grc' dir='ltr'><strong><em>λεῖβε·</em></strong></span> <span class='ocrx_word' id='word_1_233' title='bbox 170 3495 242 3561; x_wconf 89' lang='grc' dir='ltr'><strong><em>νέοι</em></strong></span> <span class='ocrx_word' id='word_1_234' title='bbox 262 3489 295 3556; x_wconf 71' lang='grc' dir='ltr'><strong><em>δὲ</em></strong></span> <span class='ocrx_word' id='word_1_235' title='bbox 311 3493 383 3576; x_wconf 88' lang='grc' dir='ltr'><strong><em>παρ’</em></strong></span> <span class='ocrx_word' id='word_1_236' title='bbox 396 3491 504 3562; x_wconf 80' lang='grc' dir='ltr'><strong><em>αὐτόν.</em></strong></span> <span class='ocrx_word' id='word_1_237' title='bbox 518 3501 595 3578; x_wconf 83' lang='grc' dir='ltr'><strong><em>έχον</em></strong></span> <span class='ocrx_word' id='word_1_238' title='bbox 611 3493 812 3577; x_wconf 75' lang='grc' dir='ltr'><strong><em>πεμπώβολα</em></strong></span> <span class='ocrx_word' id='word_1_239' title='bbox 823 3495 1006 3573; x_wconf 78' lang='grc' dir='ltr'><strong><em>χερσίνλοο</em></strong></span> 
     </span>
    </p>
   </div>
   <div class='ocr_carea' id='block_1_7' title="bbox 0 0 1250 3922">
    <p class='ocr_par' dir='ltr' id='par_1_13' title="bbox 0 0 1250 3922">
     <span class='ocr_line' id='line_1_34' title="bbox 0 0 1250 3922; baseline 0 5"><span class='ocrx_word' id='word_1_240' title='bbox 0 0 1250 3922; x_wconf 95' lang='lat' dir='ltr'><strong><em> </em></strong></span> 
     </span>
    </p>
   </div>
  </div>
 </body>
</html>
