2396 3914
209 252 269 316 192
501 254 796 315 ΟΔΤΣΣΕΙΑΣ
820 257 867 314 Μ.

259 422 381 500 ,,Δεῦρ
416 410 471 500 ἄγ’
489 410 569 497 ίοδν,
594 410 750 481 πολύαιν’
768 411 925 502 Ὀδυσεῦ,
950 421 1035 502 μέγα
1059 419 1156 494 κῦδος

660 508 809 598 Ἀχαιῶν,

209 617 272 697 νῆα
288 610 507 698 κατάστησον,
523 614 580 678 ἵνα
596 614 759 696 νωῖτίρην
780 608 833 682 ὄπ’
850 610 1006 699 άκοόσης.
1111 626 1156 678 185

208 708 250 777 οὐ
266 709 331 795 γάρ
348 711 402 780 πω’
419 737 468 789 τις
482 715 559 799 τῇδε
577 711 747 795 παρήλασε
764 713 823 795 νηῒ
837 715 986 798 μελαίνῃ,

164 843 167 850 ·
207 816 287 896 πρίν
303 806 331 896 γ’
343 807 455 897 ἡμέων
471 815 653 896 μελίγηρυν
669 806 737 876 άπό
753 808 930 894 στομάτων
945 807 998 877 ὄπ’
1009 806 1157 892 ἀκοῦσαι,

207 907 275 976 ἀλλ’
294 907 352 993 ὅγε
367 908 573 996 τερψάμενος
590 920 693 976 νεῖται
709 908 765 975 καὶ
781 912 964 976 πλείοναί
933 906 1036 985 είδοίς.

208 1012 303 1094 ίδμεν
319 1008 384 1094 γάρ
401 1035 452 1077 τοι
468 1004 569 1076 πάνθ’
588 1005 638 1075 Sd
653 1009 701 1076 διδ
720 1012 823 1094 Τροίη
840 1004 952 1095 εάρείη

206 1116 343 1194 Ἀργεῖοι
362 1111 472 1195 Τρῶές
487 1133 522 1175 τε
538 1114 631 1174 θεῶν
649 1106 752 1192 ίότητι
768 1105 934 1192 μόγησαν·
1113 1119 1159 1200 190

209 1209 304 1292 ῖδμεν
322 1204 387 1273 δ’”
366 1225 449 1274 οσσα
469 1209 603 1291 γένηται
621 1207 673 1272 ἐπὶ
688 1205 788 1291 χθονί
804 1210 1056 1291 πονλνβοτείρη.
1060 1209 1084 1245 “

253 1300 314 1383 Ὡς
329 1303 443 1386 φάσαν
460 1308 558 1371 δεῖσαι
578 1299 644 1370 όπα
661 1302 838 1398 κάλλιμον·
858 1299 964 1386 αὐτὰρ
979 1297 1061 1386 ἐμόν
1078 1308 1141 1386 κῆρ

207 1399 299 1490 ἤθελ’
317 1400 525 1488 άκονίμεναι,
543 1409 643 1469 λῦσαί
657 1429 676 1468 τ
676 1391 855 1470 ’ἐκέλευον
871 1401 940 1469 ίταί
926 1410 1030 1485 ίρονς,

207 1500 333 1589 όφρόσι
353 1501 556 1582 νευστάζων·
581 1503 616 1568 οί
629 1499 665 1569 δὲ
686 1500 907 1584 προπεσόντες
924 1503 1071 1585 ἔρεσσον.

208 1600 325 1670 αὐτίκα
341 1598 372 1668 δ’
391 1598 570 1680 ἀνστάντες
584 1599 774 1686 Περιμήδης
792 1595 985 1683 Εὐρύλοχός
1000 1621 1035 1663 τε
1113 1610 1158 1666 195

208 1705 338 1768 πλείοσί
352 1696 382 1786 μ’
400 1703 439 1767 δν
455 1705 603 1785 δεσμοῖσι
619 1703 696 1766 δέον
712 1697 843 1784 μᾶλλόν
859 1723 895 1764 τε
911 1700 1031 1776 πίεζον.

207 1797 314 1884 αὐτάρ
331 1796 442 1884 ἐπειδή
454 1798 553 1884 τάσγε
570 1798 777 1886 παρήλασαν,
795 1793 867 1864 οὐδ’
887 1794 928 1864 ἔτ’
946 1800 1056 1862 ἔπειτα
1186 1871 1187 1880 ¹

207 1905 361 1984 φθογγῆς
378 1898 554 1985 Σειρήνων
569 1894 738 1984 ἠκούομεν
754 1895 836 1966 οῦδί
849 1895 875 1965 τ’
892 1895 1016 1984 άοιδής,

207 1994 272 2077 αἶψ’
291 1993 356 2064 άπό
375 1995 481 2083 κηρδν
497 1998 612 2065 ἕλοντο
629 1998 701 2083 ἐμοὶ
719 1999 846 2084 ἐρίηρες
863 1997 995 2082 ἑταῖροι,
1113 2008 1159 2064 199

207 2093 249 2163 όν
266 2116 348 2182 σφιν
364 2094 411 2164 ἐπ’
431 2095 513 2165 εόσὶν
529 2093 643 2183 ἄλειψ’,
652 2099 709 2184 ἐμέ
722 2093 748 2164 τ’
764 2099 802 2164 ἐκ
819 2100 950 2181 δεσμεῖν
965 2092 1143 2163 άνόλνσαν.

243 2190 322 2261 Ἀλλ’
341 2192 396 2262 ὅτε
413 2192 453 2280 δή
470 2192 533 2281 τήν
549 2202 653 2281 νῆσον
669 2198 850 2282 ἐλείπομεν,
868 2191 969 2262 αὐτίκ’
988 2198 1102 2262 ἔπειτα
1185 2209 1186 2267 ζ

205 2291 337 2361 καπνόν
354 2293 409 2360 καὶ
424 2295 507 2380 μέγα
523 2300 614 2380 κῦμα
630 2298 705 2362 ῖδον
721 2297 777 2362 καῖ
794 2299 923 2362 δοῦπον
939 2292 1084 2362 άκονσα·

208 2417 273 2460 των
290 2389 362 2458 δ”’
339 2417 405 2475 αρα
423 2391 605 2460 δεισάντων
621 2395 657 2460 ἐκ
672 2417 792 2478 χειρων
809 2389 916 2460 ἔπτατ’
933 2390 1064 2479 ἐρετμα,

205 2487 380 2578 βομβησαν
397 2487 470 2558 δ
447 2516 513 2576 αρα
530 2491 639 2558 πάντα
656 2488 738 2558 κατὰ
758 2490 853 2578 ῥόον·
876 2496 986 2577 ἔσχετο
1001 2490 1033 2560 δ
1053 2489 1185 2574 αὐτοῦ

207 2597 298 2676 νηῦς,
317 2593 386 2658 ε’πεῖ
403 2587 501 2657 οὐκέτ
499 2587 644 2676 ’ἐρετμά
660 2589 808 2676 προήκεα
824 2593 936 2677 χερσὶν
954 2595 1100 2676 ἔπειγον.
1111 2607 1159 2658 905

205 2686 311 2773 αότάρ
328 2686 391 2775 ἐγω
411 2686 466 2756 διά
481 2688 560 2775 νηὸς
576 2687 682 2756 ίιδν”
655 2716 807 2774 ωτριινον
823 2692 973 2775 ἑταίρους

204 2791 373 2872 μειλιχίοις
387 2789 517 2854 ἐπέεσσι
533 2786 746 2872 παρασταδόν
762 2787 903 2876 άνδρα”
885 2809 1043 2858 εκαστον·

245 2877 303 2970 „³52
319 2891 421 2971 φίλοι,
437 2883 479 2952 οό
496 2885 560 2971 γάρ
581 2887 634 2954 πιό
650 2914 682 2955 τι
699 2895 813 2956 κακῶν
829 2885 1016 2975 άδαήμονίς
1032 2893 1140 2975 είμεν·
1183 2925 1184 2933 ·

204 2981 245 3051 οὐ
262 2982 325 3069 μὲν
341 2982 382 3072 δή
401 2984 478 3053 τόδε
493 2990 605 3071 μεῖζον
621 2990 675 3053 ἔπι
691 2984 797 3054 κακόν
812 2981 834 3073 ή
852 2985 907 3055 ὅτε
923 2985 1075 3068 Κύκλωψ

204 3091 284 3150 είλει
300 3084 349 3151 ἐνί
367 3090 448 3169 σπήῖ
461 3092 624 3171 γλαφυρῷ
641 3093 824 3172 κρατερῆφι
840 3092 971 3172 βίηφιν·
1108 3102 1161 3153 910

203 3178 287 3250 άλλά
303 3184 358 3250 καὶ
374 3186 476 3250 ἔνθεν
493 3186 556 3271 ἐμή
572 3181 673 3273 όρετῇ
690 3192 796 3273 βουλή
812 3211 848 3252 τε
864 3183 932 3274 νόῳ
948 3209 983 3252 τε

201 3279 403 3367 ἐκφύγομεν,
422 3288 481 3348 καί
494 3307 560 3348 που
576 3288 682 3351 τῶνδε
699 3284 887 3370 μνήσεσθαι
902 3281 971 3350 ὀίω.

204 3386 268 3444 νῦν
286 3377 316 3446 δ’
336 3376 441 3464 ἄγεθ’,
459 3376 504 3457 ὥς
519 3375 563 3447 ἂν
579 3379 668 3466 ἐγόν
687 3393 779 3468 είπω,
799 3379 996 3466 πειθόμεθα
1011 3379 1146 3460 πάντες.

203 3471 294 3555 ὑμεῖς
309 3477 371 3560 μὲν
388 3473 539 3564 κάπῃσιν
555 3475 634 3560 άλός
651 3484 793 3569 ῥηγμῖνα
809 3487 954 3568 βαθεῖαν
