2396 3914
129 347 132 353 Α
193 256 255 321 τοι
492 255 784 320 σιτεεοτκε
809 261 848 317 ιι.
922 343 926 347 .

194 417 326 506 ήρύθμει
344 421 399 487 καλ
416 416 546 505 χρυσόν
563 412 695 501 ὑφαντά
713 442 748 484 τε
767 420 881 503 εἵματα
899 415 994 486 καλά.

193 525 260 584 τοῖν
276 517 338 602 μέν
354 513 403 599 ἄρ’
424 514 498 584 οὔτι
514 514 630 582 πόθει·
651 511 669 580 ὁ
687 513 717 581 δ’
737 513 876 603 ὀδύρετο
892 521 1034 602 πατρίδα
1048 529 1144 603 γαῖαν

192 614 343 698 ἑρπύζων
363 612 452 698 παρά
471 624 554 682 θῖνα
573 621 835 702 πολυφλοίσβοιο
855 617 1038 703 θαλάσσης,
1093 631 1145 683 2υο

192 711 282 781 πόλλ’
302 711 561 801 ὀλοφυρόμενος.
585 715 747 800 σχεδόθεν
767 718 804 782 δέ
822 720 856 783 οί
872 709 980 802 ήλθεν
996 714 1129 802 Ἀθήνη,

190 814 288 899 άνδρλ
314 817 414 901 δέμας
433 821 539 883 εἰκυῖα
559 819 640 901 νέῳ,
660 813 836 900 ἐπιβώτορι
856 816 982 900 μήλων,

190 913 393 1004 παναπάλῳ,
413 908 480 981 οἷοί
496 938 531 980 τε
549 909 706 980 άνάκτων
725 918 839 992 παῖδες
858 920 961 997 ἔασιν,

190 1017 350 1100 δίπτυχον
369 1009 449 1100 ἀμφ’
470 1010 609 1098 άμοισιν
629 1009 739 1097 ἒχουσ’
761 1009 898 1097 εὐεργέα
917 1012 1051 1098 λύπην·

189 1115 289 1180 ποσσὶ
301 1111 333 1180 δ’
345 1109 411 1179 ὑπὸ
424 1119 590 1196 λιπαροῖσι
602 1110 704 1179 πέδιλ’
717 1117 778 1196 ἔχε,
791 1113 882 1196 χερσὶ
894 1110 927 1178 δ’
942 1111 1075 1178 άιιοντα.
1092 1127 1141 1178 υυσ

189 1211 252 1298 τήν
271 1209 297 1280 δ
314 1207 473 1290 Ὀδνσεύς
491 1209 642 1296 γήθησεν
662 1207 744 1278 ίδιδν
762 1212 818 1278 καί
837 1213 987 1290 ἐναντίος
1004 1207 1122 1294 ήλθεν,

189 1315 248 1378 καί
263 1336 322 1396 μιν
340 1311 501 1396 φωνήσας
519 1315 597 1376 ἔπεα
618 1309 798 1394 πτερόεντα
816 1309 1004 1396 προσηύδα·

230 1401 288 1495 „⁸52
309 1407 387 1496 φίλ’,
407 1411 480 1477 ε’πεί
496 1428 532 1476 σε
552 1415 667 1492 πρῶτα
685 1407 809 1494 κιχάνω
829 1405 908 1499 τῷδ’
930 1410 980 1476 ἐνὶ
997 1406 1106 1497 χοίρῳ,

188 1514 279 1595 χαῖρέ
297 1536 332 1578 τε
351 1512 406 1578 καὶ
425 1511 470 1596 μή
490 1516 548 1595 μοί
564 1535 596 1576 τι
614 1515 706 1599 κακῷ
725 1507 794 1597 νόφ
814 1505 1056 1596 ἀντιβολήσαις,

187 1607 271 1679 άλλά
291 1609 362 1678 σάω
381 1610 443 1696 μὲν
461 1616 581 1694 ταῦτα,
602 1608 673 1675 σάω
692 1605 725 1674 δ’
745 1609 815 1692 ἐμέ·
837 1609 888 1675 σοὶ
907 1604 971 1692 γάρ
991 1611 1095 1691 ἔγωγε
1165 1652 1169 1659 -

186 1710 323 1798 εὔχομαι
342 1707 427 1776 άστε
445 1715 516 1799 θεῷ
535 1713 594 1775 καί
610 1728 670 1773 σευ
689 1712 770 1791 φίλα
789 1703 935 1791 γούναθ’
956 1704 1071 1771 ίκάυω.
1092 1720 1139 1772 231

188 1814 245 1876 καί
260 1835 316 1895 μοι
334 1804 419 1876 τοῦτ’
441 1804 629 1892 ἀγόρευσον
648 1805 830 1893 ἐτήτυμον,
851 1802 926 1892 ὄφρ’
947 1797 988 1872 εὖ
1007 1809 1101 1872 είδοῖ·
1190 1893 1191 1898 ¹

189 1918 234 1986 τίς
252 1913 312 1994 γῆ,
331 1909 380 1985 τίς
399 1909 519 1992 δῆμος,
538 1911 626 1984 τίνες
644 1901 760 1990 άνέρες
775 1905 988 1990 ἐγγεγάασινς
1190 1903 1191 1910 '

191 1997 293 2087 ἦπού
311 2030 360 2083 τις
378 2002 493 2091 νήσων
511 2001 690 2089 εὐδείελος,
709 2000 751 2090 ήέ
767 2029 816 2084 τις
834 2002 916 2091 άκτή

185 2101 273 2172 κεῖθ’
294 2101 349 2172 άλλ
367 2105 542 2190 κεκλιμένη
562 2102 764 2190 ἐριβώλακος
782 2100 970 2190 ήπείροιο;“
1091 2118 1140 2170 236

230 2202 300 2271 Τόν
318 2202 349 2271 δ’
372 2197 452 2270 αὖτε
471 2204 646 2288 προσέειπε
664 2199 730 2270 θεά
749 2208 940 2288 γλαυκῶπις
957 2199 1082 2288 Ἀθήνη
1188 2209 1189 2212 ’

184 2301 325 2390 ,νήπιός
344 2307 406 2386 είς,
427 2293 453 2367 οδ
473 2298 559 2388 ξεῖν’,
579 2298 601 2388 ἢ
619 2300 765 2388 τηλόθεν
784 2299 995 2386 εἰλήλουθας,

184 2406 216 2468 εί
233 2403 273 2488 δή
293 2399 392 2494 τήνδε
411 2425 446 2467 τε
465 2413 565 2485 γαῖαν
584 2398 738 2484 άνείρεαι.
763 2396 845 2468 ούδί
861 2427 892 2467 τι
910 2405 988 2486 λίην

184 2499 272 2568 οὕτω
293 2497 448 2587 νόυυμός
467 2503 570 2567 ἐστιν·
592 2508 682 2567 ἴσασι
701 2499 741 2567 δέ
756 2525 814 2584 μιν
833 2497 922 2584 μάλα
941 2497 1069 2583 πολλοὶ,
1186 2505 1187 2553 λ

183 2595 265 2684 ήμδν
284 2597 357 2664 ὅσοι
375 2605 508 2666 ναίουσι
526 2594 610 2683 πρὸς
626 2594 693 2666 Ἠῶ
711 2596 737 2666 τ’
755 2596 883 2666 Ἠέλιόν
900 2623 946 2682 τε,
1089 2611 1141 2664 240
1185 2667 1186 2705 ρ

183 2692 233 2780 ἡδ’
257 2694 352 2764 ὅσσοι
370 2697 551 2782 μετόπισθε
570 2698 644 2765 ποτὶ
663 2697 767 2782 ζόφον
784 2693 954 2783 ήερόεντα.

181 2793 254 2880 ήτοι
273 2796 336 2878 μὲν
353 2807 485 2878 τρηχεῖα
503 2797 558 2862 καὶ
577 2793 638 2881 ούχ
658 2795 840 2883 ίππήλατός
859 2797 960 2881 ἐστιν,
1184 2819 1185 2857 ι

182 2889 261 2958 οὐδὲ
280 2897 357 2976 λίην
377 2889 505 2978 λυπρή,
525 2891 607 2976 άτὰρ
627 2891 705 2961 οὐδ’
727 2893 841 2976 εύρεῖα
859 2897 1022 2962 τέτυκται.
1183 2955 1184 3011 ρ

180 2989 218 3055 ἐν
237 2992 298 3072 μὲν
316 2988 381 3072 γάρ
401 2993 435 3056 οί
452 3005 540 3070 σῖτος
564 2989 771 3078 ἀθέσφατος,
791 2996 829 3061 ἐν
849 2993 939 3060 δέτι
958 2990 1050 3070 οίυος
1182 3059 1183 3076 ,

179 3093 341 3170 γίγνεται·
363 3089 425 3155 αίελ
445 3086 476 3155 δ’
497 3087 624 3177 ὄμβρος
643 3098 707 3176 ἔχει
725 3091 888 3159 τεθαλυῖά
907 3087 932 3158 τ’
953 3092 1065 3176 ἐέρση·
1087 3106 1138 3159 245
1182 3077 1183 3163 λ

181 3187 346 3268 αἰγίβοτος
368 3185 400 3252 δ’
422 3184 533 3273 άγαθή
554 3192 609 3256 καλ
627 3190 806 3276 βούβοτος·
827 3195 897 3257 ἐστι
916 3191 980 3275 μὲν
999 3187 1064 3275 ὕλη

179 3286 333 3366 παντοίη,
354 3284 391 3347 ἐν
410 3281 441 3348 δ’
462 3283 581 3369 άρδμοὶ
600 3292 772 3374 ἐπηετανοί
791 3291 963 3372 παρέασιν.

179 3381 223 3458 τῷ
243 3401 310 3462 ⁷⁰2,
331 3376 417 3463 ξεῖν’,
436 3377 571 3469 Ἰθάκης
589 3411 627 3470 γε
645 3390 700 3455 καί
720 3390 753 3467 ἐς
776 3394 900 3474 Τροίην
919 3384 1012 3475 ὄνομ’
1033 3391 1109 3470 ἵκει,

179 3473 303 3556 τήνπερ
322 3482 427 3560 τηλοῦ
446 3481 548 3561 φασὶν
564 3479 724 3567 Ἀχαιίδος
743 3492 883 3572 ἔμμεναι
900 3495 1011 3574 αῖης.“
1085 3503 1136 3556 249
