2492 3922
178 275 222 340 48
482 279 773 338 mmm
797 285 833 338 A.

180 441 315 528 άυδρολν
332 436 363 507 δ’
383 436 406 526 ἥ
424 441 482 508 κέν
501 443 549 516 τίς
567 463 623 524 μοι
642 441 813 524 ἐρίσσεται,
834 436 871 526 ἠέ
890 445 945 510 καὶ
966 437 1050 524 οὐκὶ,
1101 457 1135 511 8⁰

180 542 351 630 κτήμασιν.
383 529 406 626 ἦ
424 537 488 624 γάρ
508 534 614 606 πολλά
633 534 755 606 παθόν
773 541 829 608 καί
848 538 938 608 πόλλ’
959 540 1135 626 ἐπαληθεὶς

181 639 354 731 ἠγαγομην
372 641 410 707 ίν
428 639 526 724 νηυσί
543 637 600 704 καὶ
619 633 768 726 ὀγδοάτῳ
789 642 853 706 έτει
870 630 996 724 ἦλθον·

183 741 322 827 Κύπρον
341 743 503 823 Φοινίκην
521 761 556 803 τε
575 737 631 804 καί
648 743 853 822 Αἰγυπτίους
871 740 1057 825 ἐπαληθείς,

184 837 346 918 Αίδίοπάς
364 834 397 906 θ’
418 837 538 923 ίκόμηυ
557 836 612 904 καὶ
630 840 809 916 Σιδονίους
828 839 882 906 καί
898 835 1075 924 Ἐρεμβοὺς
1227 927 1232 930 -

181 942 235 1009 καὶ
251 937 392 1026 Λιβύην,
412 940 467 1003 ἵνα
484 932 510 1003 τ’
528 934 629 1020 άρνες
646 933 738 1022 άφαρ
756 941 869 1021 κεραοὶ
887 938 1135 1006 τελέθουσινλο

180 1041 249 1126 τρὶς
266 1037 330 1124 γὰρ
349 1042 450 1105 τίκτει
469 1043 556 1123 μῆλα
575 1036 779 1122 τελεσφόρον
799 1043 844 1118 είς
862 1038 1028 1108 ἐνιαυτόν.

179 1144 266 1206 ένθα
284 1136 346 1223 μὲν
365 1134 442 1204 οὔτε
459 1133 541 1216 ἅναξ
561 1131 712 1220 ἐπιδευὴς
731 1133 809 1202 οὔτε
828 1163 859 1204 τι
878 1137 1002 1224 ποιμὴν

178 1244 284 1322 τυροῦ
302 1239 358 1304 καὶ
376 1241 508 1321 κρειοῖν,
530 1231 608 1302 οὐδὲ
625 1240 801 1321 γλυιιερολο
813 1235 992 1322 γάλακτος,

179 1334 248 1405 ἀλλ’
269 1338 332 1404 αίελ
351 1335 552 1422 παρέχουσιν
570 1334 753 1419 ἐπηετανόν
771 1331 858 1419 γάλα
876 1342 1017 1421 θῆσθαι.
1067 1360 1071 1368 ’

180 1432 245 1514 εἷος
264 1431 327 1519 έγά
348 1435 422 1524 περὶ
441 1445 534 1501 κείνα
553 1430 662 1500 πολὺν
679 1437 793 1519 βίοτον
813 1439 1021 1520 συναγείρων
1100 1447 1135 1501 90

181 1533 326 1622 ἡλάμην,
346 1540 439 1613 τείως
458 1559 515 1619 μοι
533 1528 698 1618 άδελφεδν
717 1529 816 1612 άλλος
832 1538 976 1618 ἔπεφνεν

180 1635 301 1722 λάθρη,
321 1631 466 1720 άνοιῐστὶ,
488 1632 574 1720 δόλφ
595 1628 778 1718 οὐλομένης
796 1629 943 1717 άλόχοιο·

180 1729 223 1813 ιδς
236 1734 329 1804 οὔτοι
340 1741 465 1821 χαίρων
476 1734 585 1798 τοῖσδε
604 1729 795 1798 κτεάτεσσιν
814 1727 959 1798 άνάσσοε.

179 1835 233 1901 καὶ
252 1828 500 1915 πατέρωντάδε
519 1825 640 1915 μέλλετ’
662 1826 835 1916 άκουέμεν,
856 1832 974 1908 οἵτινες
993 1827 1072 1916 ὑμῖν

91 2011 93 2016 ,
178 1933 271 2019 είσὶν,
292 1933 361 2000 ἐπεὶ
379 1929 467 2016 μάλα
486 1926 578 1997 πόλλ’
590 1932 729 2016 έπαδον,
750 1927 978 1997 καλάπάλεσα
998 1927 1131 1999 οδκουλο

178 2022 218 2098 εὖ
237 2028 326 2116 μάλα
345 2028 550 2112 ναιετάοντα,
570 2027 753 2114 κεχανδότα
772 2025 877 2098 πολλά
899 2029 954 2096 καὶ
974 2028 1089 2096 ἐσθλά.

179 2121 228 2197 άν
247 2127 372 2214 ὄφελον
390 2127 546 2214 τριτάτην
564 2151 626 2213 περ
646 2133 731 2213 ἔχων
749 2130 786 2196 έν
806 2126 935 2212 δείμασι
953 2139 1076 2213 μοῖραν

180 2233 295 2312 ναίειν,
317 2224 396 2294 oco?
417 2224 536 2314 άνδρες
555 2226 628 2295 σόοι
647 2231 793 2314 ἔμμεναι,
814 2234 848 2296 οἳ
862 2224 925 2296 τότ’
947 2223 1067 2294 ὄλοντο
1091 2263 1094 2268 ,

180 2332 283 2416 Τροίη
302 2330 340 2395 έν
359 2324 479 2414 εὐρείῃ,
501 2324 576 2406 ἑκάς
587 2325 723 2413 ’Ἁργεος
742 2325 945 2413 ἱπποβότοιο.

177 2423 245 2494 ἀλλ’
265 2431 369 2513 ἔμπης
385 2423 512 2506 πάντας
527 2425 588 2512 μέν
604 2422 808 2514 ὀδυρόμενος
824 2428 880 2494 καί
896 2426 1026 2513 άχεόων
1080 2444 1132 2496 1⁰0

178 2523 336 2604 πολλάκις
356 2527 393 2592 έν
409 2523 582 2610 μεγάροισι
598 2524 789 2613 καθήμενος
806 2521 1013 2614 ἡμετέροισιν

175 2623 293 2693 ἄλλοτε
309 2628 372 2710 μέν
388 2649 422 2690 τε
439 2623 509 2713 γόφ
529 2629 636 2712 φρένα
653 2628 822 2713 τέρπομαι,
841 2625 959 2696 άλλοτε
977 2626 1009 2695 δ’
1028 2619 1107 2696 ου’τε

176 2725 339 2810 παύομαι·
360 2719 500 2809 αἰψηρὸς
513 2724 550 2793 δὲ
567 2724 666 2808 κόρος
682 2738 836 2812 κρυεροῖο
855 2725 958 2810 γόοιο.

176 2829 243 2890 τῶν
259 2821 398 2888 πάντων
414 2819 456 2888 οὐ
472 2822 595 2892 τόσσον
611 2820 785 2909 ὀδύρομαι,
805 2822 991 2910 ἀχνύμενός
1006 2849 1080 2911 περ,

176 2917 219 2999 ὡς
237 2916 326 3006 ἑνὸς,
346 2916 423 2986 ὅστε
440 2945 497 3006 μοι
512 2919 623 2996 ὕπνον
639 2918 833 3007 ἀπεχθαίρει
849 2922 904 2990 καὶ
920 2918 1049 3009 ἐδωδὴν
1077 2939 1128 2992 105

174 3021 367 3108 μνωομέυφ,
386 3020 456 3087 έπελ
474 3015 564 3099 οδτις
579 3019 716 3106 Ἀχαιῶν
732 3017 822 3087 τόσά
840 3020 1002 3108 ἐμόγησεν

175 3117 249 3187 οσσ’
263 3114 418 3198 Ὀδνσεδς
435 3117 574 3205 ἐμόγησε
591 3121 646 3188 καὶ
662 3117 775 3207 ἤρατο.
809 3125 857 3208 τῷ
874 3120 909 3186 δ’
924 3115 975 3206 άρ’
993 3122 1135 3210 ἔμελλεν,

172 3214 263 3306 αὐτῷ
284 3213 371 3304 κήδε’
389 3221 534 3305 ἔσεσθαι,
557 3220 629 3306 ἐμοὶ
645 3217 676 3287 δ’
697 3217 774 3308 άχος
790 3221 862 3287 αίὲν
879 3215 1023 3288 άλαστον

172 3320 298 3402 κείνου,
319 3313 410 3396 ὅπως
427 3313 467 3404 δὴ
486 3315 590 3404 δηρὸν
607 3316 785 3406 ἀποίχεται,
804 3316 885 3388 οὐδέ
899 3347 930 3388 τι
947 3324 1053 3408 ίδμεν,

172 3413 246 3494 ζάει
262 3413 310 3501 ὅγ’
328 3409 351 3502 ἦ
366 3419 539 3503 τέθνηκεν.
572 3416 755 3509 ὀδύρονταί
767 3419 811 3487 νά
827 3443 894 3488 που
911 3416 1016 3488 αὐτὸν
1079 3434 1124 3489 ιιο

172 3513 318 3602 Λαέρτης
334 3510 368 3582 θ’
386 3511 403 3583 ὁ
422 3519 530 3602 γέρον
547 3520 601 3588 καὶ
618 3520 768 3610 έχέφραν
784 3520 993 3609 Πηνελόπεια
