2452 3910
171 291 211 354 δῦ
472 273 766 341 ΟΔΥΣΣΕΙΑΣ
789 271 826 328 11„

172 450 216 534 έδς
233 454 294 520 τοῦ
313 445 396 530 πρός
415 443 554 528 πέτρησι
572 430 766 522 θρασειάων
785 426 851 496 άπό
872 429 993 512 χειρῶν

173 551 260 640 ῥινοί
279 545 515 628 ἀπέδρυφθεν·
535 534 595 604 τὸν
615 536 650 600 δὲ
669 529 754 617 μέγα
773 535 864 613 κῦμα
883 524 1043 603 κάλυψεν.
1075 534 1129 589 τοι

173 659 258 722 ἔνθα
276 674 314 717 κε
334 643 376 730 δή
397 641 558 724 δύστηνος
577 631 770 716 ὑπέρμορον
789 623 878 694 ὤλετ’
897 616 1087 698 Ὀδυσσεύς,

173 758 203 820 εἰ
217 747 260 836 μή
277 740 508 830 ἐπιφροσύνην
524 740 611 803 δωκε
626 735 817 816 γλαυκοίπις
831 724 967 809 Ἀθήνη.

173 851 320 935 κύματος
335 837 505 922 ἐξαναδύς,
528 829 594 900 τάτ’
611 828 780 914 ἐρεύγεται
795 823 985 911 ήπειρόνδε,

174 959 252 1036 νῆχε
271 947 383 1026 παρὲξ,
403 943 436 1016 ἐς
454 947 552 1021 γαίαν
571 928 751 1013 ὁρώμενος,
771 933 804 992 εί
819 947 887 988 που
905 919 1045 1005 ἐφεύροι

174 1048 290 1136 ήλόνας
309 1069 342 1109 τε
363 1039 579 1126 παραπλῆγας
597 1031 732 1113 λιμένας
749 1047 785 1090 τε
803 1020 986 1104 θαλάσσης.
1078 1031 1136 1083 440

176 1144 241 1215 ἀλλ’
264 1143 319 1211 ὅτε
339 1138 379 1222 δή
399 1144 557 1218 ποταμοῖο
576 1128 660 1196 κατὰ
680 1123 785 1208 στόμα
804 1116 995 1202 καλλιρόοιο

175 1243 221 1326 ἷξε
241 1247 337 1324 νέων,
357 1245 397 1322 τη
418 1233 458 1320 δή
478 1235 511 1298 οί
527 1233 654 1298 ἐείσατο
673 1232 778 1308 χοῖρος
797 1219 940 1302 άριστος,

176 1357 261 1421 λεῖος
280 1335 441 1421 πετράων,
462 1331 516 1398 καὶ
535 1328 588 1394 ἐπὶ
606 1327 730 1401 σκέπας
746 1312 790 1407 ήν
809 1317 956 1404 ἀνέμοιο.

177 1450 262 1528 ἐγνω
282 1439 318 1505 δὲ
337 1436 520 1518 προρέοντα
538 1429 594 1494 καλ
612 1421 728 1504 εύξατο
748 1416 789 1487 ὃν
808 1417 890 1486 κατά
909 1413 1027 1502 θυμόν

221 1542 368 1626 ,,Κλῦθι,
385 1530 479 1613 ἄναξ,
497 1525 565 1603 ὅτις
581 1527 665 1592 ἐσσί·
682 1519 906 1588 πολύλλιστον
921 1518 960 1582 δέ
974 1510 1003 1580 σ’
1015 1511 1141 1594 ἱκάνω,

179 1639 317 1726 φεύγων
335 1636 372 1701 ἐκ
390 1628 526 1696 πόντοιο
546 1619 778 1696 Ποσειδάωνος
797 1615 919 1692 ἐνιπάς.
967 1633 973 1640 ·
1085 1624 1144 1677 446

180 1743 303 1812 αἰδοίος
322 1739 385 1817 μέν
402 1725 428 1796 τ’
448 1727 515 1794 ἐστὶ
534 1726 588 1790 καί
607 1716 805 1787 ἀθανάτοισι
823 1723 955 1781 θεοῖσιν

181 1835 317 1918 ἀνδρῶν
335 1825 425 1904 ὅστις
442 1829 552 1908 ἰ’κηται
571 1817 752 1904 άλοόμενος,
773 1813 817 1893 ύς
835 1816 891 1880 καὶ
908 1808 973 1896 ἐγά
995 1816 1062 1876 νῦν

182 1933 244 2000 σόυ
262 1955 297 1996 τε
316 1928 398 2011 ῥόον
417 1923 460 1991 σά
479 1947 513 1988 τε
532 1914 674 2003 γούναθ’
692 1916 798 1984 ίκάνω
818 1909 924 1978 πολλὰ
944 1907 1107 1995 μογήσας,

182 2025 248 2098 ἄλλ’
267 2027 403 2106 ἐλέαιρε,
420 2021 517 2099 άναξ·
536 2022 642 2102 ἐκέτης
657 2018 695 2083 δέ
709 2039 758 2080 τοι
775 2008 913 2096 εύχομαι
929 2006 1049 2075 είναι.“
1090 2025 1148 2074 450

227 2121 287 2202 Ὦς
310 2118 403 2207 φάθ’,
424 2117 441 2187 ὁ
464 2116 497 2184 δ’
514 2114 632 2184 αύτίκα
654 2121 781 2180 παῦσεν
803 2109 862 2178 έδν
884 2109 983 2195 ῥόον,
1008 2113 1084 2191 έσχε
1107 2111 1151 2174 δέ

257 2247 259 2251 ·
636 2239 736 2299 κῦμα,

185 2321 313 2405 πρόσθε
328 2321 365 2385 δέ
379 2320 413 2384 ol
427 2321 541 2400 ποίησε
557 2313 717 2399 γαλήνην,
732 2307 793 2377 τόν
810 2307 841 2376 δ’
861 2308 1030 2376 ἐσάωσεν

186 2424 218 2498 ἐς
233 2426 383 2503 ποταμοῦ
398 2413 557 2498 προχοάς·
574 2409 592 2478 ὁ
609 2408 641 2477 δ’
656 2408 705 2494 ἄρ’
724 2407 826 2493 άμφω
841 2401 976 2492 γούνατ’
992 2409 1157 2490 ἔκαμνεν

185 2517 295 2601 χεῖράς
310 2541 344 2582 τι
362 2511 532 2600 στιβαράς·
553 2509 607 2578 ἁλί
622 2508 686 2595 γάρ
703 2512 842 2592 δέδμητο
859 2513 961 2590 φίλον
975 2511 1051 2592 κήρ.

187 2614 269 2702 ᾤδεε
287 2611 322 2680 δέ
338 2614 419 2698 χρόα
436 2611 553 2693 πάντα,
570 2609 724 2676 θάλασσα
741 2607 777 2672 δὲ
793 2603 887 2688 κήκιε
903 2599 1010 2688 πολλή
1095 2618 1158 2669 455

187 2709 231 2779 δν
246 2711 352 2795 στόμα
368 2735 403 2776 τε
414 2709 508 2793 ῥῖνάς
517 2705 548 2774 θ’
560 2733 566 2746 ’
584 2704 647 2774 ὁδ’
659 2703 710 2790 ἄρ’
723 2704 909 2782 ἄπνευστος
924 2705 981 2770 καὶ
996 2699 1159 2779 ἄναυδος

188 2805 262 2877 κεῖτ’
281 2804 511 2891 ὀλιγηπελέων,
529 2803 673 2889 κάματος
689 2807 727 2870 δέ
740 2829 798 2888 μιν
816 2799 910 2880 αίνὸς
924 2805 1054 2869 ἵκανεν.

133 2994 146 3009 N
187 2903 255 3006 Ιἀλλ’
273 2901 327 2972 ὅτε
343 2903 386 2997 δή
399 2900 433 2987 δ’
450 2901 601 2986 άμπνντο
618 2905 673 2968 καλ
688 2904 722 2979 ἐς
737 2905 845 2986 φρένα
859 2898 974 2984 θυμός
988 2895 1143 2985 άγέρθη,

188 3005 243 3068 καὶ
258 3001 332 3068 τότε
348 2999 388 3086 δή
405 3001 593 3087 κρήδεμνον
609 2997 673 3066 άπὸ
690 3001 725 3066 ἕο
742 3006 823 3066 λῦσε
838 3007 943 3066 θεοῖο.
966 2994 973 3010 ’

190 3101 245 3166 καλ
259 3097 296 3164 τό
313 3101 374 3182 μὲν
390 3102 423 3176 ἐς
438 3097 587 3184 ποταμόν
603 3097 826 3183 ἁλιμυρήεντα
842 3103 1006 3182 μεθῆκεν,
1101 3113 1165 3166 460

190 3191 238 3273 ἂψ
254 3191 286 3260 δ’
303 3199 423 3279 ἔφερεν
439 3199 522 3282 μέγα
537 3205 625 3282 κῦμα
642 3193 724 3264 κατὰ
741 3195 834 3279 ῥόον,
851 3194 933 3274 αἶψα
950 3192 984 3262 δ’
1001 3191 1060 3278 ἄρ’
1078 3193 1164 3262 'lvd

191 3293 303 3370 δέξατο
319 3297 411 3379 χερσί
427 3301 577 3382 φίλησον·
595 3292 612 3362 ό
631 3296 663 3362 δ’
681 3299 717 3362 ἐκ
733 3307 894 3377 ποταμοῖο
911 3293 1066 3372 λιασθεὶς
1112 3367 1115 3372 ,

191 3398 311 3478 σχοίνῳ
327 3387 525 3478 ὑπεκλίνθη,
541 3416 622 3460 κυοε
641 3393 677 3460 δὲ
693 3396 848 3475 ζείδωρον
866 3388 1037 3475 ἄρουραν·

193 3485 338 3574 Ᾰλθήθας
354 3487 386 3556 δ’
404 3491 469 3576 άρα
486 3490 554 3558 εἶπε
571 3491 654 3574 πρὸς
669 3487 709 3557 δν
724 3491 933 3575 μεγαλήτορα
946 3501 1069 3573 θυμον
