2492 3922
108 216 111 230 ⁴
218 237 259 300 ³0
521 241 816 300 οινεειιικε
840 243 873 298 r.

217 392 357 468 τούνεκα
374 397 438 484 γάρ
456 401 510 467 καὶ
527 397 652 466 πόντον
670 402 827 485 ἐπέπλως,
847 399 937 486 ὅφρα
956 400 1086 486 πύθηαι
1139 416 1170 468 1⁵

215 495 348 583 πατρὸς,
368 495 455 565 ὅπου
473 497 560 564 κύθε
575 510 652 581 γαῑα
669 501 723 563 καὶ
739 495 855 566 ὅντινα
871 498 1000 586 πότμον
1016 501 1168 567 ἐπέσπεν.

214 593 282 662 ἄλλ’
300 593 361 686 δ’γε
377 603 443 662 νῦν
460 594 538 674 ίθύς
555 605 606 662 κίε
623 597 792 682 Νέστορος
809 597 1025 684 ἱπποδάμοιο·

213 699 346 780 είδομεν
362 693 480 780 ἥντινα
496 701 595 779 μῆτιν
610 697 661 760 ένλ
679 695 839 780 στήθεσσι
855 697 1029 764 κέκευθεν.

214 800 389 861 λίσσεσθαι
406 795 444 860 δέ
458 819 515 878 μιν
532 789 644 876 αύτύς,
662 790 753 873 ὅπως
771 799 932 881 νημερτέα
950 807 1041 884 είπη·

215 897 336 970 ψεῦδος
348 889 380 958 δ’
393 889 454 958 ούκ
472 893 569 974 έρέει·
589 891 678 974 μάλα
695 890 760 976 γὰρ
778 899 985 980 πεπνυμένος
1003 897 1169 964 έστίν.“2σ

256 991 325 1076 Τήν
342 991 373 1056 δ’
392 981 437 1056 αύ
457 989 644 1074 Τηλέμαχος
661 993 870 1075 πεπνυμένος
887 989 1001 1059 άντίον
1017 992 1105 1088 ηύδα

212 1092 393 1176 ,,Μέντορ,
424 1095 494 1168 πῶς
518 1086 548 1154 τ’
567 1086 622 1173 ἆρ’
645 1097 684 1155 ίω
708 1097 778 1168 πως
796 1086 827 1155 τ’
848 1087 891 1172 άρ
915 1090 1167 1178 προσπτύξομαι

667 1183 787 1267 αύτόνς

213 1284 291 1353 ούδέ
306 1291 338 1353 τί
353 1309 403 1353 πω
422 1284 561 1372 μύθοισι
576 1283 772 1371 πεπείρημαι
788 1301 991 1354 πυκινοῖσιν·

212 1383 312 1462 αίδιδς
328 1381 361 1450 δ’
381 1377 425 1450 αύ
441 1383 521 1452 νέον
537 1382 645 1468 ἄνδρα
660 1390 853 1469 γεραίτερον
870 1388 1089 1470 ίξερέεσθαι.“

256 1481 323 1550 Τὸν
341 1480 372 1549 δ’
392 1476 472 1550 αύτε
488 1485 662 1569 προσέειπε
679 1482 743 1550 θεά
761 1490 952 1568 γλαυκῶπις
964 1483 1088 1571 Ἀθήνη
1128 1502 1165 1554 25

210 1578 405 1667 ,,Τηλέμαχ’,
425 1579 509 1648 άλλα
525 1582 587 1667 μὲν
603 1577 703 1658 αύτύς
719 1583 770 1648 ένί
787 1583 886 1667 φρεσὶ
901 1589 978 1670 σῇσι
994 1577 1138 1668 νοήσεις,

210 1677 293 1747 άλλα
312 1679 347 1746 δὲ
364 1681 419 1747 καλ
437 1683 563 1764 δαίμων
578 1675 799 1764 ὑποθήσεται·
822 1679 863 1746 ού
880 1679 944 1766 γάρ
963 1678 1021 1748 ὀίω

210 1778 252 1846 ού
270 1796 306 1845 σε
322 1786 415 1846 θεῶν
432 1776 543 1864 ἀέκητι
558 1777 715 1863 γενέσθαι
734 1803 767 1845 τε
786 1783 953 1865 τραφέμεν
971 1786 1038 1847 τε.“

253 1873 314 1953 Ὦς
331 1873 396 1959 άρα
414 1875 585 1962 φωνήσασ
601 1874 747 1963 ἡγήσατο
764 1876 899 1956 Παλλάς
913 1874 1037 1964 Ἀθήνη

210 1979 436 2060 καρπαλίμως·
458 1970 475 2040 ὁ
494 1972 526 2039 δ’
544 1979 654 2042 ἔπειτα
673 1973 740 2062 μετ’
758 1985 846 2061 ίχνια
862 1983 954 2062 βαῖνε
971 1987 1074 2044 θεοῖο.
1128 1995 1165 2048 30

209 2069 280 2152 ἷξον
299 2071 331 2139 δ’
349 2075 381 2151 ές
397 2077 534 2140 Πυλίων
549 2070 684 2157 ἀνδρῶν
701 2072 822 2158 άγνρίν
838 2099 872 2140 τε
890 2075 945 2140 καὶ
961 2075 1076 2161 ἕδρας,

210 2169 278 2240 ἕνθ’
298 2170 362 2257 ἄρα
376 2173 514 2255 Νέστωρ
532 2163 611 2258 ήστο
631 2171 696 2239 σύν
712 2172 835 2259 νίάσιν,
854 2171 939 2258 άμφὶ
956 2171 989 2239 δ’
1008 2175 1132 2260 ἑταῖροι

209 2269 288 2338 δαῖτ’
309 2271 522 2358 ἐντυνόμενοι
541 2275 621 2359 κρέα
640 2271 760 2338 ὤπτων
777 2269 901 2339 ἄλλοτ’
920 2276 1062 2356 ἔπειρον.
1123 2291 1128 2302 ·

210 2375 243 2438 οί
258 2369 289 2437 δ’
309 2368 353 2450 ὡς
370 2362 434 2438 οὖν
450 2375 577 2450 ξείνους
593 2375 677 2455 ίδον,
695 2367 818 2454 άθρόοι
835 2363 944 2455 ἦλθον
962 2369 1115 2456 ἅπαντες,

208 2475 320 2556 χερσίν
337 2467 360 2537 τ’
380 2467 565 2556 ήσπάζοντο
586 2473 641 2536 καί
658 2469 854 2555 ἑδριάασθαι
871 2465 1013 2554 ἄνωγον.
1124 2487 1161 2538 35

209 2575 337 2654 πρῶτος
353 2571 556 2652 Νεστορίδης
569 2574 804 2651 Πεισίστρατος
825 2566 970 2652 ἐγγύθεν
986 2564 1098 2635 έλθέιν

209 2665 407 2753 άμφοτέρων
422 2669 476 2736 ἕλε
492 2681 583 2750 χεῖρα
599 2669 653 2734 καί
668 2670 806 2750 ἵδρυσεν
822 2665 911 2753 παρά
929 2671 1014 2734 δαιτί
1155 2673 1165 2679 ”

208 2759 330 2831 κώεσιν
347 2767 384 2829 έν
400 2773 606 2849 μαλακοῖσιν,
623 2767 676 2830 έπλ
694 2764 863 2848 ψαμάθοις
878 2761 1020 2852 άλίησιν,

207 2861 275 2944 πάρ
295 2886 329 2926 τε
347 2860 533 2948 κασιγνήτῳ
551 2860 765 2947 Θρασυμήδεϊ
778 2862 835 2928 καὶ
851 2863 966 2945 πατέρι
984 2852 1013 2951 ᾦ
1020 2888 1026 2900 ·

208 2963 294 3026 δῶκε
310 2956 341 3026 δ’
356 2957 419 3044 άρα
431 2959 629 3044 σπλάγχνων
646 2965 772 3046 μοίρας,
790 2965 828 3028 έν
846 2957 878 3027 δ’
892 2957 985 3027 οίνον
1003 2965 1163 3046 ἔχευενλσ

207 3064 347 3146 χρυσείην
365 3061 475 3125 δέπαϊ·
499 3057 743 3145 δειδισκόμενος
762 3064 798 3126 δὲ
814 3058 988 3144 προσηύδα

208 3155 356 3224 Παλλάδ’
372 3156 561 3244 Ἀθηναίην,
579 3157 708 3244 κούρην
723 3154 806 3236 Διὸς
823 3156 997 3243 αίγιόχοιο,

247 3255 382 3342 ,,Εύχεο
400 3263 475 3340 νῦν,
495 3249 521 3322 οδ
540 3261 634 3340 ξεῖνε,
651 3255 860 3324 Ποσειδάωνι
876 3255 1009 3322 άνακτι·

209 3360 267 3420 τοῦ
282 3352 347 3439 γάρ
364 3355 418 3422 καὶ
436 3359 547 3440 δαίτης
563 3352 725 3440 ήντήσατε
746 3359 844 3442 δεῦρο
863 3353 1030 3440 μολόντες.

207 3448 312 3538 αύτάρ
330 3451 415 3538 έπήν
431 3460 565 3539 σπείσης
580 3480 616 3520 τε
632 3455 688 3522 καί
704 3453 823 3535 εὔξεαι,
841 3449 863 3539 ή
878 3455 974 3538 θέμις
990 3454 1088 3540 ἐστίν,
1122 3469 1160 3525 4⁵
