2396 3914
222 241 284 306 εεο
508 199 816 300 ὀινεεαικε
842 241 877 300 ο.

221 405 310 472 κείσέ
324 428 365 489 με
382 401 607 487 νοστήσαντα·
624 402 695 466 τείν
712 395 744 464 δ’
765 402 873 468 ἐθέλω
883 395 959 468 τόδ’
978 397 1151 468 όπάσσαι.“

263 498 325 582 Ὣς
341 501 444 570 εἰπόν
460 506 498 570 ἐν
518 499 601 583 χειρί
621 503 709 566 τίθει
727 500 827 578 δέπας
844 496 1099 585 ἀμφικύπελλον
1126 515 1170 566 ιιο

220 599 310 688 ἥρως
319 597 500 686 Ἀτρείδης·
517 596 535 667 ό
554 595 586 664 δ’
606 596 671 684 ἀρα
689 605 838 684 κρητῆρα
854 594 997 684 φαεινὸν

219 696 296 790 θῆκ’
307 697 414 766 αύτοῠ
424 696 636 784 προπάρονθε
648 700 762 781 φέρων
772 694 1169 783 κρατερόςΜεχαπόνθης,

220 795 402 885 ἀργύρεον·
416 794 529 883 Ἑλένη
548 793 584 862 δδ
600 800 780 882 παρίστατο
796 793 1023 883 καλλιπάρῃος

221 890 467 981 πέπλονέχουσ’
485 895 662 979 ένχερσὶν,
682 897 760 974 έπος
774 891 800 961 τ’
812 892 904 980 ἔφατ’
921 899 959 966 ἔκ
970 892 996 962 τ’
1015 892 1169 981 ὀνόμαζεν

262 995 409 1081 ,,Δῶρόν
425 1016 477 1060 τοι
492 995 548 1061 καὶ
565 991 647 1079 ἐγώ,
667 997 786 1060 τέκνον
804 1000 897 1080 φίλε,
913 1002 1013 1061 τοῦτο
1032 999 1153 1080 δίδωμι,

220 1089 317 1180 μνῆμ’
323 1089 455 1178 Ἑλένης
464 1098 594 1178 χειρῶν,
606 1092 821 1178 πολυηράτου
831 1097 864 1172 ἐς
879 1093 992 1180 χάμου
1003 1092 1107 1180 ὥρην,
1127 1106 1168 1160 116

221 1199 264 1279 σῇ
279 1189 388 1281 ἀλόχῳ
405 1194 555 1276 φορέειν·
572 1196 667 1269 τείως
684 1190 719 1259 δὲ
738 1197 819 1278 φίλη
837 1189 928 1277 παρὰ
946 1194 1048 1279 μητρὶ

190 1367 198 1382 ι
220 1295 346 1358 κείσθω
363 1289 571 1380 ίνὶμεγάρφ.
598 1287 640 1356 σύ
659 1293 697 1356 δέ
711 1316 768 1375 μοι
784 1296 909 1376 χαίρων
926 1288 1065 1376 ἀφίκοιο

221 1387 316 1456 οἰκον
332 1391 527 1476 ἐϋκτίμενον
544 1391 600 1457 καὶ
616 1386 680 1476 σὴν
700 1391 733 1468 ἐς
748 1394 890 1475 πατρίδα
904 1397 1041 1476 χαίαν.“

266 1484 327 1566 Ὦς
345 1486 477 1556 είποῦσ’
495 1492 532 1556 έν
549 1489 641 1575 χερσὶ
656 1494 761 1574 τίθει,
779 1486 797 1555 ὁ
816 1485 849 1554 δ’
867 1492 999 1570 ἐδέξατο
1016 1495 1146 1576 χαίρων.

220 1590 275 1656 καὶ
292 1588 332 1654 τά
349 1590 410 1672 μὲν
427 1593 460 1666 ές
477 1594 635 1672 πείρινθα
649 1594 737 1656 τίθει
753 1594 991 1675 Πεισίστρατος
1009 1588 1100 1676 ἥρως
1126 1603 1166 1656 131

220 1688 411 1774 δεξόμενος,
428 1690 484 1756 καί
500 1689 609 1756 πάντα
626 1689 671 1777 ἕςό
686 1687 836 1774 θηήσατο
854 1695 973 1777 θυμῷ·

222 1784 298 1866 τούς
314 1785 345 1853 δ’
363 1779 424 1874 ἦγε
440 1785 524 1874 πρὸς
542 1793 636 1873 δολμα
652 1786 738 1872 κόρη
757 1783 882 1866 ξανθὸς
899 1788 1089 1864 Μενέλαος.
1183 1847 1184 1858 ,

220 1886 358 1971 ἑζέσθην
377 1884 407 1952 δ’
430 1884 481 1970 ἀρ’
500 1891 611 1954 ἔπειτα
632 1883 715 1954 κατά
738 1884 899 1971 κλισμούς
913 1909 950 1952 τε
964 1883 1116 1972 θρόνους
1131 1908 1167 1949 τε.
1183 1867 1184 1931 ί

222 1986 357 2070 χέρνιβα
375 1982 407 2050 δ’
425 1981 613 2071 ἀμφίπολος
629 1985 762 2074 προχόῳ
778 1985 910 2070 ἐπέχευε
927 1986 1082 2072 φέρουσα
1128 1997 1168 2050 1³⁵

220 2088 306 2169 καλῇ
342 2090 494 2172 χρυσείῃ,
512 2083 597 2172 ὑπὲρ
614 2082 792 2171 ἀργυρέοιο
810 2088 958 2172 λέβητος,

223 2186 403 2260 νίψασθαι·
421 2180 511 2268 παρὰ
529 2185 564 2251 δὲ
581 2182 700 2270 ξεστὴν
716 2185 878 2253 ἐτάνυσσε
893 2184 1071 2268 τράπεζαν.

222 2291 315 2346 σίτου
332 2277 365 2346 δ’
385 2285 492 2366 αίδοίη
509 2288 607 2369 ταμίη
626 2288 798 2369 παρέθηκε
815 2287 985 2370 φέρουσα·
1182 2359 1183 2372 χ

222 2383 346 2464 [είδιιτα
362 2378 453 2448 πόλλ’
470 2383 638 2468 ἐπιθεῖσα,
655 2385 850 2468 χαριζομένη
868 2381 1093 2466 παρεόντων·]
1182 2379 1183 2455 λ

166 2478 170 2488 '
222 2474 290 2564 πάρ
310 2477 346 2547 δέ
360 2483 548 2566 Βοηθοίδης
565 2485 646 2566 κρέα
665 2485 772 2550 δαίετο
787 2483 844 2548 καὶ
860 2482 940 2568 νέμε
956 2487 1092 2567 μοίρας·
1130 2490 1172 2544 111

223 2579 367 2664 οίνοχόει
384 2576 415 2646 δ’
434 2576 508 2658 υἱός
524 2580 706 2647 Μενελάου
722 2584 929 2666 κυδαλίμοιο.

222 2680 257 2743 οί
271 2675 303 2743 δ’
321 2675 369 2744 ἐπ’
387 2673 519 2744 ὀνείαθ’
537 2679 649 2764 ἑτοίμα
665 2685 868 2764 προκείμενα
882 2690 994 2763 χεῖρας
1010 2685 1136 2746 ίαλλον.

223 2772 330 2856 αύτάρ
347 2777 415 2842 ἐπεὶ
432 2775 550 2855 πόσιος
564 2779 620 2844 καὶ
638 2777 775 2864 ἐδητύος
790 2781 823 2858 ἐξ
843 2781 922 2860 ἔρον
939 2778 1027 2862 ἕντο,

224 2870 264 2958 δὴ
285 2873 360 2940 τότε
379 2875 567 2960 Τηλέμαχος
582 2878 639 2945 καὶ
654 2878 824 2961 Νέστορος
841 2873 966 2962 ἀγλαός
982 2875 1058 2954 υἱός

222 2973 346 3049 ἵππους
364 2998 400 3038 τε
417 2973 582 3060 ζεύγνυντ’
606 2973 671 3044 ἀνά
686 2973 725 3044 θ’
745 2975 876 3061 ἅρματα
898 2971 1018 3042 ποικίλ’
1034 2977 1170 3061 ἔβαινον,

223 3072 260 3136 έκ
277 3066 308 3136 δ’
328 3075 449 3139 ἔλασαν
466 3073 654 3160 προθύροιο
667 3077 722 3143 καὶ
739 3073 905 3160 αἰθούσης
922 3073 1114 3160 ἐριδούπου.
1130 3081 1172 3136 14⁶

223 3164 304 3247 τούς
321 3170 357 3237 δὲ
373 3169 438 3256 μετ’
452 3171 618 3260 Ἀτρείδης
634 3179 701 3241 ἔκιε
718 3170 843 3253 ξανθὰς
858 3173 1047 3257 Μενέλαος,

225 3262 320 3334 οἶνον
335 3272 420 3356 ἔχων
436 3274 474 3338 ἐν
487 3276 570 3357 χειρὶ
586 3278 773 3358 μελίφρονα
790 3275 1011 3357 δεξιτερῆφιν,

223 3363 260 3426 έν
272 3368 370 3459 δέπαι
385 3373 529 3460 χρνσὲφ,
558 3370 648 3458 όφρα
667 3377 822 3452 λείψαντε
837 3373 978 3455 κιοίτην·

224 3464 284 3532 στη
298 3465 331 3522 δ’
348 3469 462 3536 ἵππων
472 3470 694 3557 προπάροιθε,
712 3470 949 3558 δεδισκόμενος
960 3466 997 3536 δὲ
1008 3463 1172 3554 προσηύδα
