2492 3922
1039 218 1074 258 ιι

557 326 630 380 llll‘.

184 428 314 480 Simulato
327 427 438 495 hospiti,
462 428 488 478 in
511 445 595 480 casam
619 427 784 497 introducto,
812 429 951 497 liunraeus,
976 429 1072 482 fidissi·

116 515 170 549 nus
203 513 340 549 serverum
363 512 520 564 semperque
542 513 638 548 memor
669 497 780 564 domini,
808 513 910 548 curnem
952 497 1074 566 pooreelli-

117 581 171 616 nam
192 583 250 618 eum
275 565 338 616 vino
350 565 461 634 apponit
471 565 502 632 (1
514 593 550 604 -
561 566 634 632 110.)
659 566 787 618 oriuntur
797 564 866 618 inter
879 583 923 617 cos
939 565 1004 618 corii
1017 583 1075 618 ser-

118 651 204 686 mones
217 635 252 684 dc
261 633 374 700 Ulysse,
393 632 464 685 velut
476 643 600 704 maante,
633 649 708 704 quem
734 635 761 685 in
775 635 886 702 patriam
911 649 1074 686 reversurum

117 719 175 754 csse
201 720 236 753 ne
264 701 349 752 iurato
383 700 487 769 quiden
506 705 591 754 credit
615 703 763 770 llumaens,
802 719 851 754 nec
884 701 985 754 dubitat
1013 703 1075 771 «pario

119 771 195 822 ctiam
217 769 393 822 'lelemchus
416 771 441 821 in
469 769 564 822 itinere
592 787 729 842 procorum
762 769 867 824 insidiis
907 769 1008 821 occisos
1043 769 1080 820 sit

119 839 179 903 (111
190 867 223 876 -
240 838 315 904 181).
338 837 480 908 Deinceps,
499 841 558 907 quis
571 851 649 906 esset,
663 842 840 908 interrogatus
854 837 963 905 Ulysses
976 837 1076 906 longam

118 907 214 958 seriem
236 906 379 959 fabularum
402 907 488 976 lingit,
509 918 620 960 testatus
643 908 732 972 simul,
753 925 782 960 se
814 908 882 976 apud
911 906 1077 973 Thesprotos

118 976 151 1026 de
175 975 261 1044 ipsius
282 975 429 1042 propinquo
460 976 545 1028 reditu
562 976 694 1029 audivisse
705 976 770 1042 (185
778 975 899 1043 ——359)=
915 991 1004 1026 rerum
1026 973 1077 1038 ille,

121 1043 197 1095 nimis
213 1043 375 1108 incredulus,
388 1044 498 1096 oblatam
517 1046 551 1096 de
575 1063 653 1097 aare
672 1044 839 1113 sponsionem
860 1044 951 1096 abnuit
968 1040 1032 1110 (360
1046 1071 1071 1080 ·-

121 1112 195 1176 108).
232 1110 354 1178 Denique
367 1112 469 1166 coenati
483 1115 557 1166 ambo
568 1131 623 1166 curn
644 1113 751 1181 reliquis
771 1111 887 1166 subulcis
899 1111 964 1177 (109
972 1108 1077 1177 -456)

120 1180 236 1232 cubitum
258 1179 397 1232 discedunt
422 1182 518 1249 frigida
542 1192 636 1248 nocte,
657 1199 706 1248 qun
719 1181 844 1248 Ulysses,
866 1180 961 1248 priscis
988 1181 1077 1232 emba-

120 1249 199 1316 gibns
224 1247 351 1300 sermonis
374 1265 447 1320 usus,
480 1253 583 1317 corpori
616 1251 728 1318 tegendo
752 1251 850 1304 laenam
870 1249 974 1318 quaerit
1007 1247 1077 1298 scei-

122 1318 169 1450 {hh
180 1335 215 1369 ue
236 1316 432 1439 &mmmm
465 1319 508 1386 qui
546 1335 604 1371 mox
624 1321 657 1371 ad
677 1336 750 1371 sunm
773 1317 916 1372 custodiam
947 1315 1079 1384 egreditur

568 1523 628 1574 XV.

193 1656 396 1730 Telemachum,
426 1659 615 1711 Lacedaemoni
636 1661 815 1725 decidentem,
836 1657 863 1708 in
888 1654 984 1708 soumis
997 1663 1077 1732 monet

126 1728 249 1780 Minerva
266 1729 367 1778 ‹lomnm
391 1735 421 1778 ut
443 1728 547 1792 redeat,
592 1746 695 1797 quaque
722 1729 766 1782 via
801 1741 939 1796 procorum
974 1720 1081 1774 ioshhus

130 1797 194 1847 '3102
214 1797 288 1862 (1-
300 1796 359 1862 43).
383 1795 457 1864 Ergo
480 1795 503 1848 is
515 1797 598 1866 primo
615 1815 689 1850 mana
711 1815 728 1850 a
740 1796 860 1850 Menelao
872 1790 1023 1846 revertendi
1035 1805 1081 1840 ue-

128 1865 197 1915 niam
206 1863 290 1932 petit,
325 1875 404 1932 atque
433 1865 549 1932 acceptis
582 1868 615 1917 ab
646 1866 704 1984 ipsc
724 1877 750 1919 et
773 1867 806 1917 ab
819 1863 922 1916 Helena
934 1857 1082 1914 muneribus

127 1941 321 2000 conspectaque
344 1931 387 1984 avi
408 1935 537 2002 secunda,
565 1951 621 1986 eum
673 1933 788 1988 isiatralo
814 1933 901 2001 prergit
920 1931 954 1982 ud
982 1943 1082 1992 tranem,

127 2002 152 2052 in
176 2008 255 2070 portu
274 1999 350 2066 Pylio
370 2000 484 2054 relictam
508 2001 664 2069 (sl-181).
707 2003 801 2055 Pheris
829 2001 923 2052 iterum
950 1995 1084 2050 deversati

126 2069 267 2122 aitervdle
290 2069 380 2134 Pylum
391 2070 559 2136 perveniunt:
582 2072 650 2123 uude
675 2069 860 2135 Telemachus,
890 2065 1028 2120 Pisistrato
1051 2063 1084 2115 ud

129 2149 229 2206 patrem
255 2140 363 2190 remisso
390 2146 415 2190 et
439 2140 793 2209 assumptoTheoclymeno‚
818 2147 878 2190 uate
892 2135 1008 2204 Argivo,
1031 2143 1086 2185 tum

129 2209 161 2258 ob
184 2207 291 2258 caedem
311 2207 401 2273 exule,
424 2225 537 2276 propere
561 2207 641 2260 solvit
663 2227 695 2262 ac
720 2219 791 2261 tutus
815 2205 893 2261 devia
916 2201 1085 2270 navigatione

129 2291 155 2326 tn
179 2274 291 2343 patriam
313 2275 451 2326 advehitur
464 2275 659 2344 (iffi—300.)
702 2275 925 2343 Ulyssesinterca
943 2288 998 2324 cum
1027 2271 1085 2322 Eu.

130 2361 205 2396 maeo
226 2360 308 2412 super
330 2359 436 2396 coenam
458 2345 567 2397 consiliu
587 2346 690 2397 confert
711 2347 743 2399 (le
757 2343 920 2414 proiectione
937 2341 963 2392 in
978 2340 1087 2403 urbem;

130 2411 208 2464 simul
232 2413 266 2463 de
296 2413 432 2465 arentibus
450 2415 504 2464 suis
525 2413 710 2467 sciscitaturcl
727 2415 760 2467 de
772 2413 861 2484 priore
878 2413 981 2462 semona
1004 2406 1087 2476 ipsius

129 2481 244 2536 1301-
292 2481 340 2546 8)=
365 2479 409 2549 qui
427 2482 526 2534 natales
538 2499 598 2534 suos
611 2491 717 2536 enarrat
739 2493 818 2547 atque
841 2488 870 2532 ut
893 2477 981 2556 infans
992 2475 1051 2526 olim
1068 2490 1087 2554 Ιει

130 2549 310 2601 Phoenicibus
341 2567 373 2601 ex
402 2549 486 2603 insula
509 2552 590 2617 Syria
611 2559 750 2620 repauset
774 2555 881 2599 Laertae
904 2544 1025 2595 vendrtus
1053 2553 1089 2593 m

130 2616 318 2684 (389-495).
356 2618 410 2668 Iam
435 2620 568 2688 appulsam
586 2635 678 2672 navem
696 2635 767 2671 suam
788 2612 962 2667 Telemachus
986 2611 1018 2662 ad
1042 2628 1087 2661 ur-

131 2687 190 2737 bem
199 2684 300 2751 mittit,
318 2685 540 2752 Theoelymenum
561 2687 661 2740 cuidam
674 2687 802 2739 sociorum
826 2681 1000 2747 conclaudat,
1030 2678 1039 2730 i
1059 2696 1088 2732 se

130 2763 220 2806 autem
242 2753 346 2806 diverso
366 2753 461 2808 itinere
481 2758 513 2809 ad
537 2757 678 2808 Eumaeum
697 2753 872 2825 proficiscitur
893 2749 1000 2816 (496-
1013 2697 1086 2815 obi).

574 2924 648 2977 xvi.

208 3023 301 3076 Reclux
325 3025 357 3075 ab
381 3025 475 3076 itinere
499 3025 671 3078 Telemachus
698 3026 769 3077 venit
799 3024 824 3076 in
860 3041 944 3076 casam
980 3024 1088 3076 Etruraor

132 3091 163 3156 (l
185 3122 204 3128 —
222 3091 282 3157 41).
319 3091 358 3144 lbi
377 3092 486 3162 primum
507 3111 562 3146 cum
585 3102 672 3162 patre,
692 3095 776 3146 adhuc
788 3093 857 3146 senis
874 3092 986 3145 mendici
997 3110 1088 3161 perso-

133 3175 192 3212 nam
213 3167 341 3227 gerente,
364 3161 524 3230 colloquulus
557 3172 584 3215 et
625 3162 791 3216 domesticam
826 3161 995 3214 calamitatem
1027 3179 1090 3212 con-

133 3240 264 3294 questus,
290 3230 431 3282 Eumaeum
454 3231 554 3284 rcditus
587 3231 628 3284 sui
658 3233 775 3283 nuntium
809 3229 888 3283 mittit
919 3229 952 3281 ad
983 3238 1090 3282 matrem

133 3296 183 3362 (42
192 3297 312 3364 -153).
339 3299 379 3350 lta
390 3299 438 3351 soli
460 3315 537 3368 quum
554 3309 627 3367 sunt,
650 3299 787 3353 Minervae
799 3298 903 3351 numine
915 3298 1017 3349 iuvenis
1030 3299 1090 3350 red-

133 3363 208 3418 ditus
222 3365 333 3433 Ulyssas
346 3385 361 3420 a
375 3367 427 3419 filio
445 3376 521 3438 pater
534 3367 702 3436 cognoscitur
725 3365 922 3434 (rst-asan
954 3383 1011 3417 mox
1036 3383 1090 3418 cum
