<?xml version="1.0" encoding="UTF-8"?>
<!DOCTYPE html PUBLIC "-//W3C//DTD XHTML 1.0 Transitional//EN"
    "http://www.w3.org/TR/xhtml1/DTD/xhtml1-transitional.dtd">
<html xmlns="http://www.w3.org/1999/xhtml" xml:lang="en" lang="en">
 <head>
  <title>
</title>
<meta http-equiv="Content-Type" content="text/html;charset=utf-8" />
  <meta name='ocr-system' content='tesseract 3.04.00' />
  <meta name='ocr-capabilities' content='ocr_page ocr_carea ocr_par ocr_line ocrx_word'/>
</head>
<body>
  <div class='ocr_page' id='page_1' title='image "./homericarminaad00baumgoog_0133.png"; bbox 0 0 2452 3910; ppageno 0'>
   <div class='ocr_carea' id='block_1_1' title="bbox 162 246 816 309">
    <p class='ocr_par' dir='ltr' id='par_1_1' title="bbox 162 246 816 309">
     <span class='ocr_line' id='line_1_1' title="bbox 162 246 816 309; baseline 0.002 -2"><span class='ocrx_word' id='word_1_1' title='bbox 162 246 219 309; x_wconf 77' lang='lat'><strong><em>108</em></strong></span> <span class='ocrx_word' id='word_1_2' title='bbox 458 250 750 308; x_wconf 72' lang='grc' dir='ltr'><em>ΟΔῬΣΣΕΙΑΣ</em></span> <span class='ocrx_word' id='word_1_3' title='bbox 775 253 816 308; x_wconf 82' lang='grc' dir='ltr'><strong><em>Η.</em></strong></span> 
     </span>
    </p>
   </div>
   <div class='ocr_carea' id='block_1_2' title="bbox 75 404 1159 3571">
    <p class='ocr_par' dir='ltr' id='par_1_2' title="bbox 157 404 1119 595">
     <span class='ocr_line' id='line_1_2' title="bbox 157 404 1119 496; baseline 0.004 -22"><span class='ocrx_word' id='word_1_4' title='bbox 157 407 370 494; x_wconf 73' lang='grc' dir='ltr'><em>ἀμφιπόλους</em></span> <span class='ocrx_word' id='word_1_5' title='bbox 387 404 418 475; x_wconf 89' lang='grc' dir='ltr'><strong><em>δ’</em></strong></span> <span class='ocrx_word' id='word_1_6' title='bbox 438 409 491 475; x_wconf 81' lang='grc' dir='ltr'><strong><em>ἐπὶ</em></strong></span> <span class='ocrx_word' id='word_1_7' title='bbox 507 408 581 474; x_wconf 79' lang='grc' dir='ltr'><strong><em>θινὶ</em></strong></span> <span class='ocrx_word' id='word_1_8' title='bbox 597 413 673 492; x_wconf 78' lang='grc' dir='ltr'><strong><em>τεῆς</em></strong></span> <span class='ocrx_word' id='word_1_9' title='bbox 689 405 811 494; x_wconf 79' lang='grc' dir='ltr'><strong><em>ἐνόησα</em></strong></span> <span class='ocrx_word' id='word_1_10' title='bbox 829 410 998 496; x_wconf 83' lang='grc' dir='ltr'><strong><em>θυγατρός</em></strong></span> <span class='ocrx_word' id='word_1_11' title='bbox 1061 425 1119 479; x_wconf 67' lang='grc' dir='ltr'><strong><em>νεα</em></strong></span> 
     </span>
     <span class='ocr_line' id='line_1_3' title="bbox 157 503 902 598; baseline 0.003 -23"><span class='ocrx_word' id='word_1_12' title='bbox 157 507 345 593; x_wconf 70' lang='grc' dir='ltr'><em>παιζούσας,</em></span> <span class='ocrx_word' id='word_1_13' title='bbox 363 511 399 576; x_wconf 82' lang='grc' dir='ltr'><strong><em>έν</em></strong></span> <span class='ocrx_word' id='word_1_14' title='bbox 417 503 449 574; x_wconf 84' lang='grc' dir='ltr'><strong><em>δ’</em></strong></span> <span class='ocrx_word' id='word_1_15' title='bbox 467 503 550 592; x_wconf 82' lang='grc' dir='ltr'><strong><em>αύτὴ</em></strong></span> <span class='ocrx_word' id='word_1_16' title='bbox 571 512 631 592; x_wconf 82' lang='grc' dir='ltr'><strong><em>έην</em></strong></span> <span class='ocrx_word' id='word_1_17' title='bbox 649 511 755 575; x_wconf 83' lang='grc' dir='ltr'><strong><em>είκνῑα</em></strong></span> <span class='ocrx_word' id='word_1_18' title='bbox 772 517 902 598; x_wconf 81' lang='grc' dir='ltr'><strong><em>θεῇσιν.</em></strong></span> 
     </span>
    </p>

    <p class='ocr_par' dir='ltr' id='par_1_3' title="bbox 158 602 1096 790">
     <span class='ocr_line' id='line_1_4' title="bbox 158 602 1096 712; baseline -0.003 -37"><span class='ocrx_word' id='word_1_19' title='bbox 158 607 220 695; x_wconf 84' lang='grc' dir='ltr'><strong><em>τήν</em></strong></span> <span class='ocrx_word' id='word_1_20' title='bbox 238 604 397 675; x_wconf 85' lang='grc' dir='ltr'><strong><em>ίκέτενσ’·</em></strong></span> <span class='ocrx_word' id='word_1_21' title='bbox 414 602 485 691; x_wconf 84' lang='grc' dir='ltr'><strong><em>ἡδ’</em></strong></span> <span class='ocrx_word' id='word_1_22' title='bbox 506 602 579 672; x_wconf 88' lang='grc' dir='ltr'><strong><em>ούτι</em></strong></span> <span class='ocrx_word' id='word_1_23' title='bbox 596 602 760 691; x_wconf 80' lang='grc' dir='ltr'><strong><em>νοήματος</em></strong></span> <span class='ocrx_word' id='word_1_24' title='bbox 774 606 945 712; x_wconf 80' lang='grc' dir='ltr'><strong><em>ἤμβροτεν</em></strong></span> <span class='ocrx_word' id='word_1_25' title='bbox 958 609 1096 686; x_wconf 78' lang='grc' dir='ltr'><strong><em>ἐσθλοῦ,</em></strong></span> 
     </span>
     <span class='ocr_line' id='line_1_5' title="bbox 159 701 872 821; baseline -0.003 -47"><span class='ocrx_word' id='word_1_26' title='bbox 159 705 203 786; x_wconf 79' lang='grc' dir='ltr'><strong><em>ὡς</em></strong></span> <span class='ocrx_word' id='word_1_27' title='bbox 219 704 282 774; x_wconf 86' lang='grc' dir='ltr'><strong><em>οῦκ</em></strong></span> <span class='ocrx_word' id='word_1_28' title='bbox 298 701 343 772; x_wconf 88' lang='grc' dir='ltr'><strong><em>ἀν</em></strong></span> <span class='ocrx_word' id='word_1_29' title='bbox 359 704 472 773; x_wconf 82' lang='grc' dir='ltr'><strong><em>έλποιο</em></strong></span> <span class='ocrx_word' id='word_1_30' title='bbox 490 703 655 821; x_wconf 81' lang='grc' dir='ltr'><strong><em>νειύτερον</em></strong></span> <span class='ocrx_word' id='word_1_31' title='bbox 672 703 872 773; x_wconf 77' lang='grc' dir='ltr'><strong><em>ἀντιάσαντα</em></strong></span> 
     </span>
    </p>

    <p class='ocr_par' dir='ltr' id='par_1_4' title="bbox 157 802 948 891">
     <span class='ocr_line' id='line_1_6' title="bbox 157 802 948 891; baseline -0.003 -17"><span class='ocrx_word' id='word_1_32' title='bbox 157 807 306 891; x_wconf 77' lang='grc' dir='ltr'><strong><em>ἐρξέμεν·</em></strong></span> <span class='ocrx_word' id='word_1_33' title='bbox 326 806 390 872; x_wconf 81' lang='grc' dir='ltr'><strong><em>αίελ</em></strong></span> <span class='ocrx_word' id='word_1_34' title='bbox 406 804 470 889; x_wconf 76' lang='grc' dir='ltr'><strong><em>γάρ</em></strong></span> <span class='ocrx_word' id='word_1_35' title='bbox 487 831 523 871; x_wconf 87' lang='grc' dir='ltr'><strong><em>τε</em></strong></span> <span class='ocrx_word' id='word_1_36' title='bbox 540 803 696 891; x_wconf 73' lang='grc' dir='ltr'><strong><em>νεώτεροι</em></strong></span> <span class='ocrx_word' id='word_1_37' title='bbox 713 802 948 891; x_wconf 74' lang='grc' dir='ltr'><strong><em>ἀφραδέουσιν</em></strong></span> 
     </span>
    </p>

    <p class='ocr_par' dir='ltr' id='par_1_5' title="bbox 157 901 1116 1188">
     <span class='ocr_line' id='line_1_7' title="bbox 157 901 1116 991; baseline 0.001 -20"><span class='ocrx_word' id='word_1_38' title='bbox 157 903 254 990; x_wconf 83' lang='grc' dir='ltr'><strong><em>ἥμοι</em></strong></span> <span class='ocrx_word' id='word_1_39' title='bbox 270 917 364 972; x_wconf 77' lang='grc' dir='ltr'><strong><em>σῖτον</em></strong></span> <span class='ocrx_word' id='word_1_40' title='bbox 381 901 506 972; x_wconf 71' lang='grc' dir='ltr'><strong><em>ἔδωκεν</em></strong></span> <span class='ocrx_word' id='word_1_41' title='bbox 523 902 595 981; x_wconf 80' lang='grc' dir='ltr'><strong><em>ἅλις</em></strong></span> <span class='ocrx_word' id='word_1_42' title='bbox 610 901 667 990; x_wconf 80' lang='grc' dir='ltr'><strong><em>ἠδ’</em></strong></span> <span class='ocrx_word' id='word_1_43' title='bbox 686 913 813 972; x_wconf 79' lang='grc' dir='ltr'><strong><em>αδθοπα</em></strong></span> <span class='ocrx_word' id='word_1_44' title='bbox 832 904 936 991; x_wconf 81' lang='grc' dir='ltr'><strong><em>οἶνον,</em></strong></span> <span class='ocrx_word' id='word_1_45' title='bbox 1062 923 1116 972; x_wconf 71' lang='lat'><strong><em>‘295</em></strong></span> 
     </span>
     <span class='ocr_line' id='line_1_8' title="bbox 157 998 1083 1090; baseline -0.003 -20"><span class='ocrx_word' id='word_1_46' title='bbox 157 1005 213 1070; x_wconf 81' lang='grc' dir='ltr'><strong><em>καὶ</em></strong></span> <span class='ocrx_word' id='word_1_47' title='bbox 230 998 328 1070; x_wconf 90' lang='grc' dir='ltr'><strong><em>λοῦσ’</em></strong></span> <span class='ocrx_word' id='word_1_48' title='bbox 346 1005 384 1071; x_wconf 91' lang='grc' dir='ltr'><strong><em>έν</em></strong></span> <span class='ocrx_word' id='word_1_49' title='bbox 400 1009 547 1090; x_wconf 76' lang='grc' dir='ltr'><strong><em>ποταμῷ,</em></strong></span> <span class='ocrx_word' id='word_1_50' title='bbox 565 1011 623 1070; x_wconf 89' lang='grc' dir='ltr'><strong><em>καί</em></strong></span> <span class='ocrx_word' id='word_1_51' title='bbox 638 1029 694 1087; x_wconf 91' lang='grc' dir='ltr'><strong><em>μοι</em></strong></span> <span class='ocrx_word' id='word_1_52' title='bbox 712 1002 790 1069; x_wconf 79' lang='grc' dir='ltr'><strong><em>τάδε</em></strong></span> <span class='ocrx_word' id='word_1_53' title='bbox 820 1001 925 1090; x_wconf 74' lang='grc' dir='ltr'><strong><em>εἵματ’</em></strong></span> <span class='ocrx_word' id='word_1_54' title='bbox 948 1002 1083 1071; x_wconf 83' lang='grc' dir='ltr'><strong><em>ἔδωκεν.</em></strong></span> 
     </span>
     <span class='ocr_line' id='line_1_9' title="bbox 157 1098 996 1188; baseline 0.001 -21"><span class='ocrx_word' id='word_1_55' title='bbox 157 1100 261 1168; x_wconf 84' lang='grc' dir='ltr'><strong><em>ταῦτά</em></strong></span> <span class='ocrx_word' id='word_1_56' title='bbox 277 1128 329 1170; x_wconf 91' lang='grc' dir='ltr'><strong><em>τοι</em></strong></span> <span class='ocrx_word' id='word_1_57' title='bbox 347 1099 533 1188; x_wconf 82' lang='grc' dir='ltr'><strong><em>ἀχνύμενός</em></strong></span> <span class='ocrx_word' id='word_1_58' title='bbox 548 1125 610 1186; x_wconf 87' lang='grc' dir='ltr'><strong><em>περ</em></strong></span> <span class='ocrx_word' id='word_1_59' title='bbox 629 1098 792 1186; x_wconf 74' lang='grc' dir='ltr'><strong><em>ἀληθείην</em></strong></span> <span class='ocrx_word' id='word_1_60' title='bbox 807 1102 996 1182; x_wconf 81' lang='grc' dir='ltr'><strong><em>κατέλεξα.“</em></strong></span> 
     </span>
    </p>

    <p class='ocr_par' dir='ltr' id='par_1_6' title="bbox 156 1191 1120 1585">
     <span class='ocr_line' id='line_1_10' title="bbox 203 1191 1037 1286; baseline -0.001 -18"><span class='ocrx_word' id='word_1_61' title='bbox 203 1200 271 1268; x_wconf 86' lang='grc' dir='ltr'><strong><em>Τόν</em></strong></span> <span class='ocrx_word' id='word_1_62' title='bbox 289 1199 322 1268; x_wconf 88' lang='grc' dir='ltr'><strong><em>δ’</em></strong></span> <span class='ocrx_word' id='word_1_63' title='bbox 341 1195 418 1268; x_wconf 84' lang='grc' dir='ltr'><strong><em>αὖτ’</em></strong></span> <span class='ocrx_word' id='word_1_64' title='bbox 433 1200 600 1278; x_wconf 81' lang='grc' dir='ltr'><strong><em>Ἀλκίνοος</em></strong></span> <span class='ocrx_word' id='word_1_65' title='bbox 614 1198 813 1286; x_wconf 80' lang='grc' dir='ltr'><strong><em>ἀπαμείβετο</em></strong></span> <span class='ocrx_word' id='word_1_66' title='bbox 831 1191 986 1286; x_wconf 75' lang='grc' dir='ltr'><strong><em>φώνησέν</em></strong></span> <span class='ocrx_word' id='word_1_67' title='bbox 1001 1227 1037 1267; x_wconf 89' lang='grc' dir='ltr'><strong><em>τε</em></strong></span> 
     </span>
     <span class='ocr_line' id='line_1_11' title="bbox 157 1297 1039 1387; baseline -0.001 -19"><span class='ocrx_word' id='word_1_68' title='bbox 157 1298 275 1386; x_wconf 80' lang='grc' dir='ltr'><strong><em>,,ξελν’,</em></strong></span> <span class='ocrx_word' id='word_1_69' title='bbox 292 1299 366 1386; x_wconf 83' lang='grc' dir='ltr'><strong><em>ήτοι</em></strong></span> <span class='ocrx_word' id='word_1_70' title='bbox 383 1302 446 1387; x_wconf 72' lang='grc' dir='ltr'><strong><em>μὲν</em></strong></span> <span class='ocrx_word' id='word_1_71' title='bbox 462 1299 562 1367; x_wconf 87' lang='grc' dir='ltr'><strong><em>τοῦτό</em></strong></span> <span class='ocrx_word' id='word_1_72' title='bbox 578 1297 612 1383; x_wconf 78' lang='grc' dir='ltr'><strong><em>μ’</em></strong></span> <span class='ocrx_word' id='word_1_73' title='bbox 632 1302 803 1384; x_wconf 79' lang='grc' dir='ltr'><strong><em>ἐναίσιμον</em></strong></span> <span class='ocrx_word' id='word_1_74' title='bbox 820 1297 882 1366; x_wconf 85' lang='grc' dir='ltr'><strong><em>οῦκ</em></strong></span> <span class='ocrx_word' id='word_1_75' title='bbox 899 1298 1039 1385; x_wconf 87' lang='grc' dir='ltr'><strong><em>ένόησεν</em></strong></span> 
     </span>
     <span class='ocr_line' id='line_1_12' title="bbox 157 1396 1120 1488; baseline 0.001 -22"><span class='ocrx_word' id='word_1_76' title='bbox 157 1412 235 1479; x_wconf 74' lang='grc' dir='ltr'><strong><em>παις</em></strong></span> <span class='ocrx_word' id='word_1_77' title='bbox 244 1398 317 1488; x_wconf 83' lang='grc' dir='ltr'><strong><em>έμή,</em></strong></span> <span class='ocrx_word' id='word_1_78' title='bbox 329 1399 454 1468; x_wconf 80' lang='grc' dir='ltr'><strong><em>οὕνεκά</em></strong></span> <span class='ocrx_word' id='word_1_79' title='bbox 465 1396 497 1465; x_wconf 87' lang='grc' dir='ltr'><strong><em>σ’</em></strong></span> <span class='ocrx_word' id='word_1_80' title='bbox 512 1397 586 1465; x_wconf 86' lang='grc' dir='ltr'><strong><em>ούτι</em></strong></span> <span class='ocrx_word' id='word_1_81' title='bbox 596 1396 661 1484; x_wconf 82' lang='grc' dir='ltr'><strong><em>μετ’</em></strong></span> <span class='ocrx_word' id='word_1_82' title='bbox 674 1396 891 1483; x_wconf 78' lang='grc' dir='ltr'><strong><em>ἀμφιπόλοισι</em></strong></span> <span class='ocrx_word' id='word_1_83' title='bbox 900 1401 1054 1482; x_wconf 79' lang='grc' dir='ltr'><strong><em>γυναιξὶν</em></strong></span> <span class='ocrx_word' id='word_1_84' title='bbox 1063 1413 1120 1467; x_wconf 78' lang='grc'><strong><em>300</em></strong></span> 
     </span>
     <span class='ocr_line' id='line_1_13' title="bbox 156 1491 1051 1585; baseline -0.002 -19"><span class='ocrx_word' id='word_1_85' title='bbox 156 1491 240 1584; x_wconf 76' lang='grc' dir='ltr'><strong><em>ήμεν</em></strong></span> <span class='ocrx_word' id='word_1_86' title='bbox 257 1502 290 1578; x_wconf 89' lang='grc' dir='ltr'><strong><em>ές</em></strong></span> <span class='ocrx_word' id='word_1_87' title='bbox 305 1495 481 1585; x_wconf 84' lang='grc' dir='ltr'><strong><em>ἡμέτερον·</em></strong></span> <span class='ocrx_word' id='word_1_88' title='bbox 500 1495 543 1562; x_wconf 85' lang='grc' dir='ltr'><strong><em>σύ</em></strong></span> <span class='ocrx_word' id='word_1_89' title='bbox 562 1494 594 1564; x_wconf 91' lang='grc' dir='ltr'><strong><em>δ’</em></strong></span> <span class='ocrx_word' id='word_1_90' title='bbox 613 1494 678 1580; x_wconf 80' lang='grc' dir='ltr'><strong><em>ἀρα</em></strong></span> <span class='ocrx_word' id='word_1_91' title='bbox 696 1497 833 1583; x_wconf 75' lang='grc' dir='ltr'><strong><em>πρώτην</em></strong></span> <span class='ocrx_word' id='word_1_92' title='bbox 849 1501 1051 1576; x_wconf 84' lang='grc' dir='ltr'><strong><em>ἱκέτευσας.“</em></strong></span> 
     </span>
    </p>

    <p class='ocr_par' dir='ltr' id='par_1_7' title="bbox 158 1592 1118 1784">
     <span class='ocr_line' id='line_1_14' title="bbox 192 1592 1118 1684; baseline -0.003 -19"><span class='ocrx_word' id='word_1_93' title='bbox 192 1595 307 1678; x_wconf 73' lang='grc' dir='ltr'><strong><em>,Τόνδ</em></strong></span> <span class='ocrx_word' id='word_1_94' title='bbox 315 1595 737 1684; x_wconf 86' lang='grc' dir='ltr'><strong><em>ἀπαμειβόμενοςπροσέφη</em></strong></span> <span class='ocrx_word' id='word_1_95' title='bbox 745 1595 927 1680; x_wconf 78' lang='grc' dir='ltr'><strong><em>πολύμητις</em></strong></span> <span class='ocrx_word' id='word_1_96' title='bbox 936 1592 1118 1674; x_wconf 85' lang='grc' dir='ltr'><strong><em>Ὀδυσσεύς</em></strong></span> 
     </span>
     <span class='ocr_line' id='line_1_15' title="bbox 158 1691 1021 1784; baseline -0.005 -19"><span class='ocrx_word' id='word_1_97' title='bbox 158 1695 278 1784; x_wconf 65' lang='grc' dir='ltr'><strong><em>,ἥρως</em></strong></span> <span class='ocrx_word' id='word_1_98' title='bbox 295 1697 341 1784; x_wconf 90' lang='grc' dir='ltr'><strong><em>μή</em></strong></span> <span class='ocrx_word' id='word_1_99' title='bbox 358 1723 415 1782; x_wconf 92' lang='grc' dir='ltr'><strong><em>μοι</em></strong></span> <span class='ocrx_word' id='word_1_100' title='bbox 431 1691 567 1761; x_wconf 69' lang='grc' dir='ltr'><strong><em>τούνεκ’</em></strong></span> <span class='ocrx_word' id='word_1_101' title='bbox 585 1694 739 1780; x_wconf 84' lang='grc' dir='ltr'><strong><em>ἀμύνννα</em></strong></span> <span class='ocrx_word' id='word_1_102' title='bbox 755 1701 862 1762; x_wconf 82' lang='grc' dir='ltr'><strong><em>νείκεε</em></strong></span> <span class='ocrx_word' id='word_1_103' title='bbox 878 1695 1021 1780; x_wconf 90' lang='grc' dir='ltr'><strong><em>κούρην·</em></strong></span> 
     </span>
    </p>

    <p class='ocr_par' dir='ltr' id='par_1_8' title="bbox 136 1791 1110 2080">
     <span class='ocr_line' id='line_1_16' title="bbox 136 1791 1043 1882; baseline 0 -22"><span class='ocrx_word' id='word_1_104' title='bbox 136 1856 138 1860; x_wconf 89' lang='grc'>.</span> <span class='ocrx_word' id='word_1_105' title='bbox 155 1793 176 1882; x_wconf 81' lang='grc' dir='ltr'><em>ἡ</em></span> <span class='ocrx_word' id='word_1_106' title='bbox 194 1798 255 1882; x_wconf 72' lang='grc' dir='ltr'><strong><em>μὲν</em></strong></span> <span class='ocrx_word' id='word_1_107' title='bbox 271 1797 335 1881; x_wconf 80' lang='grc' dir='ltr'><strong><em>γάρ</em></strong></span> <span class='ocrx_word' id='word_1_108' title='bbox 352 1794 389 1880; x_wconf 88' lang='grc' dir='ltr'><strong><em>μ’</em></strong></span> <span class='ocrx_word' id='word_1_109' title='bbox 406 1796 537 1862; x_wconf 86' lang='grc' dir='ltr'><strong><em>έκέλενε</em></strong></span> <span class='ocrx_word' id='word_1_110' title='bbox 548 1791 614 1860; x_wconf 81' lang='grc' dir='ltr'><strong><em>σύν</em></strong></span> <span class='ocrx_word' id='word_1_111' title='bbox 631 1791 872 1880; x_wconf 84' lang='grc' dir='ltr'><strong><em>ἀμφιπόλοισιν</em></strong></span> <span class='ocrx_word' id='word_1_112' title='bbox 888 1796 1043 1861; x_wconf 78' lang='grc' dir='ltr'><strong><em>ἕπεσθαι·</em></strong></span> 
     </span>
     <span class='ocr_line' id='line_1_17' title="bbox 156 1891 1110 1980; baseline 0.001 -19"><span class='ocrx_word' id='word_1_113' title='bbox 156 1893 232 1963; x_wconf 87' lang='grc' dir='ltr'><strong><em>’ἀλλ’</em></strong></span> <span class='ocrx_word' id='word_1_114' title='bbox 251 1891 315 1978; x_wconf 70' lang='grc' dir='ltr'><strong><em>ἐμοὶ</em></strong></span> <span class='ocrx_word' id='word_1_115' title='bbox 333 1894 396 1961; x_wconf 88' lang='grc' dir='ltr'><strong><em>ούκ</em></strong></span> <span class='ocrx_word' id='word_1_116' title='bbox 413 1891 535 1962; x_wconf 78' lang='grc' dir='ltr'><strong><em>’ἔθελον</em></strong></span> <span class='ocrx_word' id='word_1_117' title='bbox 550 1897 660 1972; x_wconf 85' lang='grc' dir='ltr'><strong><em>δείσας</em></strong></span> <span class='ocrx_word' id='word_1_118' title='bbox 677 1891 916 1980; x_wconf 78' lang='grc' dir='ltr'><strong><em>αἰσχυνόμενός</em></strong></span> <span class='ocrx_word' id='word_1_119' title='bbox 932 1919 977 1979; x_wconf 90' lang='grc' dir='ltr'><strong><em>τε,</em></strong></span> <span class='ocrx_word' id='word_1_120' title='bbox 1027 1945 1029 1950; x_wconf 87' lang='grc'>-</span> <span class='ocrx_word' id='word_1_121' title='bbox 1060 1909 1110 1962; x_wconf 67' lang='lat'><strong><em>30³</em></strong></span> 
     </span>
     <span class='ocr_line' id='line_1_18' title="bbox 156 1989 944 2080; baseline -0.001 -20"><span class='ocrx_word' id='word_1_122' title='bbox 156 1995 202 2080; x_wconf 89' lang='grc' dir='ltr'><strong><em>μή</em></strong></span> <span class='ocrx_word' id='word_1_123' title='bbox 219 2019 289 2072; x_wconf 88' lang='grc' dir='ltr'><strong><em>πως</em></strong></span> <span class='ocrx_word' id='word_1_124' title='bbox 304 1995 360 2060; x_wconf 81' lang='grc' dir='ltr'><strong><em>καὶ</em></strong></span> <span class='ocrx_word' id='word_1_125' title='bbox 377 1996 430 2061; x_wconf 85' lang='grc' dir='ltr'><strong><em>σολ</em></strong></span> <span class='ocrx_word' id='word_1_126' title='bbox 446 1989 557 2078; x_wconf 87' lang='grc' dir='ltr'><strong><em>θνμός</em></strong></span> <span class='ocrx_word' id='word_1_127' title='bbox 571 1992 806 2061; x_wconf 76' lang='grc' dir='ltr'><strong><em>ἐπισκύσσαιτο</em></strong></span> <span class='ocrx_word' id='word_1_128' title='bbox 823 1991 944 2060; x_wconf 90' lang='grc' dir='ltr'><strong><em>ίδόντι·</em></strong></span> 
     </span>
    </p>

    <p class='ocr_par' dir='ltr' id='par_1_9' title="bbox 127 2090 1076 2178">
     <span class='ocr_line' id='line_1_19' title="bbox 127 2090 1076 2178; baseline 0 -18"><span class='ocrx_word' id='word_1_129' title='bbox 127 2161 135 2170; x_wconf 69' lang='grc'><strong><em>,</em></strong></span> <span class='ocrx_word' id='word_1_130' title='bbox 156 2091 311 2176; x_wconf 73' lang='grc' dir='ltr'><strong><em>δύσζηλοι</em></strong></span> <span class='ocrx_word' id='word_1_131' title='bbox 325 2091 390 2177; x_wconf 83' lang='grc' dir='ltr'><strong><em>μύρ</em></strong></span> <span class='ocrx_word' id='word_1_132' title='bbox 405 2120 424 2158; x_wconf 91' lang='grc' dir='ltr'><strong><em>τ</em></strong></span> <span class='ocrx_word' id='word_1_133' title='bbox 428 2090 546 2178; x_wconf 74' lang='grc' dir='ltr'><strong><em>’ίεμὲν</em></strong></span> <span class='ocrx_word' id='word_1_134' title='bbox 562 2094 615 2159; x_wconf 82' lang='grc' dir='ltr'><strong><em>έπλ</em></strong></span> <span class='ocrx_word' id='word_1_135' title='bbox 631 2095 730 2178; x_wconf 83' lang='grc' dir='ltr'><strong><em>χθονὶ</em></strong></span> <span class='ocrx_word' id='word_1_136' title='bbox 748 2090 830 2176; x_wconf 85' lang='grc' dir='ltr'><strong><em>φῦλ’</em></strong></span> <span class='ocrx_word' id='word_1_137' title='bbox 848 2090 1051 2177; x_wconf 64' lang='grc' dir='ltr'><strong><em>ἀνθρώπων.</em></strong></span> <span class='ocrx_word' id='word_1_138' title='bbox 1054 2099 1076 2136; x_wconf 86' lang='grc'><strong>“</strong></span> 
     </span>
    </p>

    <p class='ocr_par' dir='ltr' id='par_1_10' title="bbox 75 2183 1159 3571">
     <span class='ocr_line' id='line_1_20' title="bbox 200 2183 1032 2278; baseline 0.004 -21"><span class='ocrx_word' id='word_1_139' title='bbox 200 2189 268 2258; x_wconf 85' lang='grc' dir='ltr'><strong><em>Τόν</em></strong></span> <span class='ocrx_word' id='word_1_140' title='bbox 285 2189 317 2257; x_wconf 89' lang='grc' dir='ltr'><strong><em>δ’</em></strong></span> <span class='ocrx_word' id='word_1_141' title='bbox 336 2183 399 2257; x_wconf 87' lang='grc' dir='ltr'><strong><em>αύτ</em></strong></span> <span class='ocrx_word' id='word_1_142' title='bbox 402 2188 594 2270; x_wconf 73' lang='grc' dir='ltr'><strong><em>’Ἀλκίνοος</em></strong></span> <span class='ocrx_word' id='word_1_143' title='bbox 611 2189 810 2278; x_wconf 84' lang='grc' dir='ltr'><strong><em>ἀπαμείβετο</em></strong></span> <span class='ocrx_word' id='word_1_144' title='bbox 826 2191 982 2278; x_wconf 82' lang='grc' dir='ltr'><strong><em>φύνησέν</em></strong></span> <span class='ocrx_word' id='word_1_145' title='bbox 996 2217 1032 2260; x_wconf 91' lang='grc' dir='ltr'><strong><em>τε</em></strong></span> 
     </span>
     <span class='ocr_line' id='line_1_21' title="bbox 154 2287 1017 2382; baseline 0.002 -25"><span class='ocrx_word' id='word_1_146' title='bbox 154 2287 270 2376; x_wconf 81' lang='grc' dir='ltr'><strong><em>,,ξελν’,</em></strong></span> <span class='ocrx_word' id='word_1_147' title='bbox 288 2288 331 2355; x_wconf 87' lang='grc' dir='ltr'><strong><em>ού</em></strong></span> <span class='ocrx_word' id='word_1_148' title='bbox 348 2315 405 2373; x_wconf 91' lang='grc' dir='ltr'><strong><em>μοι</em></strong></span> <span class='ocrx_word' id='word_1_149' title='bbox 422 2297 577 2382; x_wconf 82' lang='grc' dir='ltr'><strong><em>τοιοῦτον</em></strong></span> <span class='ocrx_word' id='word_1_150' title='bbox 594 2293 643 2359; x_wconf 57' lang='lat' dir='ltr'><strong><em>&amp;vl</em></strong></span> <span class='ocrx_word' id='word_1_151' title='bbox 660 2292 820 2376; x_wconf 80' lang='grc' dir='ltr'><strong><em>στήθεσσι</em></strong></span> <span class='ocrx_word' id='word_1_152' title='bbox 837 2297 937 2375; x_wconf 87' lang='grc' dir='ltr'><strong><em>φίλον</em></strong></span> <span class='ocrx_word' id='word_1_153' title='bbox 953 2299 1017 2378; x_wconf 82' lang='grc' dir='ltr'><strong><em>κῆρ</em></strong></span> 
     </span>
     <span class='ocr_line' id='line_1_22' title="bbox 155 2389 1114 2478; baseline 0.004 -22"><span class='ocrx_word' id='word_1_154' title='bbox 155 2395 317 2474; x_wconf 66' lang='grc' dir='ltr'><strong><em>μαψιδίως</em></strong></span> <span class='ocrx_word' id='word_1_155' title='bbox 334 2396 559 2475; x_wconf 75' lang='grc' dir='ltr'><strong><em>κεχολῶσθαι·</em></strong></span> <span class='ocrx_word' id='word_1_156' title='bbox 577 2389 700 2476; x_wconf 85' lang='grc' dir='ltr'><strong><em>ἀμείνω</em></strong></span> <span class='ocrx_word' id='word_1_157' title='bbox 717 2389 750 2456; x_wconf 85' lang='grc' dir='ltr'><strong><em>δ’</em></strong></span> <span class='ocrx_word' id='word_1_158' title='bbox 767 2400 881 2478; x_wconf 84' lang='grc' dir='ltr'><strong><em>αίσιμα</em></strong></span> <span class='ocrx_word' id='word_1_159' title='bbox 898 2391 1015 2458; x_wconf 79' lang='grc' dir='ltr'><strong><em>πάντα.</em></strong></span> <span class='ocrx_word' id='word_1_160' title='bbox 1056 2408 1114 2460; x_wconf 81' lang='grc'><strong><em>310</em></strong></span> 
     </span>
     <span class='ocr_line' id='line_1_23' title="bbox 155 2487 1038 2579; baseline 0.006 -24"><span class='ocrx_word' id='word_1_161' title='bbox 155 2493 190 2555; x_wconf 85' lang='grc' dir='ltr'><strong><em>αἲ</em></strong></span> <span class='ocrx_word' id='word_1_162' title='bbox 205 2487 281 2576; x_wconf 83' lang='grc' dir='ltr'><strong><em>μάρ,</em></strong></span> <span class='ocrx_word' id='word_1_163' title='bbox 297 2494 364 2556; x_wconf 88' lang='grc' dir='ltr'><strong><em>Ζεῦ</em></strong></span> <span class='ocrx_word' id='word_1_164' title='bbox 380 2515 416 2557; x_wconf 86' lang='grc' dir='ltr'><strong><em>τε</em></strong></span> <span class='ocrx_word' id='word_1_165' title='bbox 433 2489 535 2576; x_wconf 87' lang='grc' dir='ltr'><strong><em>πάτερ</em></strong></span> <span class='ocrx_word' id='word_1_166' title='bbox 553 2491 608 2557; x_wconf 83' lang='grc' dir='ltr'><strong><em>καλ</em></strong></span> <span class='ocrx_word' id='word_1_167' title='bbox 623 2488 780 2577; x_wconf 77' lang='grc' dir='ltr'><strong><em>Ἀθηναίη</em></strong></span> <span class='ocrx_word' id='word_1_168' title='bbox 798 2492 1038 2579; x_wconf 74' lang='grc' dir='ltr'><strong><em>καλἍπολλον,</em></strong></span> 
     </span>
     <span class='ocr_line' id='line_1_24' title="bbox 154 2582 1049 2676; baseline 0.003 -22"><span class='ocrx_word' id='word_1_169' title='bbox 154 2601 242 2667; x_wconf 73' lang='grc' dir='ltr'><strong><em>τοῖος</em></strong></span> <span class='ocrx_word' id='word_1_170' title='bbox 256 2582 322 2657; x_wconf 58' lang='lat' dir='ltr'><strong><em>&amp;av</em></strong></span> <span class='ocrx_word' id='word_1_171' title='bbox 341 2584 410 2668; x_wconf 84' lang='grc' dir='ltr'><strong><em>οἷός</em></strong></span> <span class='ocrx_word' id='word_1_172' title='bbox 427 2593 509 2676; x_wconf 87' lang='grc' dir='ltr'><strong><em>έσσι,</em></strong></span> <span class='ocrx_word' id='word_1_173' title='bbox 527 2589 619 2657; x_wconf 81' lang='grc' dir='ltr'><strong><em>τότε</em></strong></span> <span class='ocrx_word' id='word_1_174' title='bbox 635 2593 789 2676; x_wconf 88' lang='grc' dir='ltr'><strong><em>φρονέων</em></strong></span> <span class='ocrx_word' id='word_1_175' title='bbox 812 2586 864 2657; x_wconf 78' lang='grc' dir='ltr'><strong><em>ἅτ’</em></strong></span> <span class='ocrx_word' id='word_1_176' title='bbox 892 2589 958 2676; x_wconf 76' lang='grc' dir='ltr'><strong><em>ἐμοί</em></strong></span> <span class='ocrx_word' id='word_1_177' title='bbox 975 2616 1049 2676; x_wconf 82' lang='grc' dir='ltr'><strong><em>περ,</em></strong></span> 
     </span>
     <span class='ocr_line' id='line_1_25' title="bbox 153 2684 1060 2776; baseline 0.004 -24"><span class='ocrx_word' id='word_1_178' title='bbox 153 2686 255 2754; x_wconf 80' lang='grc' dir='ltr'><strong><em>παϊδά</em></strong></span> <span class='ocrx_word' id='word_1_179' title='bbox 271 2684 302 2752; x_wconf 89' lang='grc' dir='ltr'><strong><em>τ’</em></strong></span> <span class='ocrx_word' id='word_1_180' title='bbox 320 2685 404 2773; x_wconf 78' lang='grc' dir='ltr'><strong><em>ἐμήν</em></strong></span> <span class='ocrx_word' id='word_1_181' title='bbox 421 2691 536 2772; x_wconf 72' lang='grc' dir='ltr'><strong><em>ἐχέμεν</em></strong></span> <span class='ocrx_word' id='word_1_182' title='bbox 553 2693 608 2756; x_wconf 78' lang='grc' dir='ltr'><strong><em>καὶ</em></strong></span> <span class='ocrx_word' id='word_1_183' title='bbox 624 2687 702 2776; x_wconf 85' lang='grc' dir='ltr'><strong><em>ἐμός</em></strong></span> <span class='ocrx_word' id='word_1_184' title='bbox 719 2688 867 2776; x_wconf 81' lang='grc' dir='ltr'><strong><em>γαμβρός</em></strong></span> <span class='ocrx_word' id='word_1_185' title='bbox 881 2695 1060 2760; x_wconf 85' lang='grc' dir='ltr'><strong><em>καλέεσθαι</em></strong></span> 
     </span>
     <span class='ocr_line' id='line_1_26' title="bbox 75 2778 1159 2877; baseline 0.004 -25"><span class='ocrx_word' id='word_1_186' title='bbox 75 2807 76 2810; x_wconf 73' lang='grc'><strong><em>’</em></strong></span> <span class='ocrx_word' id='word_1_187' title='bbox 153 2778 237 2853; x_wconf 87' lang='grc' dir='ltr'><strong><em>αύθι</em></strong></span> <span class='ocrx_word' id='word_1_188' title='bbox 254 2791 379 2871; x_wconf 89' lang='grc' dir='ltr'><strong><em>μένων·</em></strong></span> <span class='ocrx_word' id='word_1_189' title='bbox 400 2785 494 2854; x_wconf 78' lang='grc' dir='ltr'><strong><em>οἷκον</em></strong></span> <span class='ocrx_word' id='word_1_190' title='bbox 513 2791 551 2856; x_wconf 88' lang='grc' dir='ltr'><strong><em>δέ</em></strong></span> <span class='ocrx_word' id='word_1_191' title='bbox 567 2788 597 2854; x_wconf 93' lang='grc' dir='ltr'><strong><em>τ’</em></strong></span> <span class='ocrx_word' id='word_1_192' title='bbox 618 2787 681 2873; x_wconf 69' lang='grc' dir='ltr'><strong><em>ἐμοὶ</em></strong></span> <span class='ocrx_word' id='word_1_193' title='bbox 702 2793 757 2857; x_wconf 81' lang='grc' dir='ltr'><strong><em>καὶ</em></strong></span> <span class='ocrx_word' id='word_1_194' title='bbox 775 2789 923 2876; x_wconf 86' lang='grc' dir='ltr'><strong><em>κτήματα</em></strong></span> <span class='ocrx_word' id='word_1_195' title='bbox 943 2794 1048 2877; x_wconf 80' lang='grc' dir='ltr'><strong><em>δοίην,</em></strong></span> <span class='ocrx_word' id='word_1_196' title='bbox 1157 2843 1159 2850; x_wconf 94' lang='grc'>.</span> 
     </span>
     <span class='ocr_line' id='line_1_27' title="bbox 154 2883 1110 2977; baseline 0.007 -25"><span class='ocrx_word' id='word_1_197' title='bbox 154 2894 182 2953; x_wconf 82' lang='grc' dir='ltr'><strong><em>εἰ</em></strong></span> <span class='ocrx_word' id='word_1_198' title='bbox 197 2883 231 2953; x_wconf 88' lang='grc' dir='ltr'><strong><em>κ’</em></strong></span> <span class='ocrx_word' id='word_1_199' title='bbox 248 2890 375 2954; x_wconf 83' lang='grc' dir='ltr'><strong><em>ἐθέλων</em></strong></span> <span class='ocrx_word' id='word_1_200' title='bbox 390 2913 429 2974; x_wconf 80' lang='grc' dir='ltr'><strong><em>με</em></strong></span> <span class='ocrx_word' id='word_1_201' title='bbox 443 2892 569 2972; x_wconf 84' lang='grc' dir='ltr'><strong><em>μένοις·</em></strong></span> <span class='ocrx_word' id='word_1_202' title='bbox 587 2886 727 2956; x_wconf 85' lang='grc' dir='ltr'><strong><em>ἀέκοντα</em></strong></span> <span class='ocrx_word' id='word_1_203' title='bbox 743 2892 781 2957; x_wconf 90' lang='grc' dir='ltr'><strong><em>δέ</em></strong></span> <span class='ocrx_word' id='word_1_204' title='bbox 790 2886 822 2955; x_wconf 71' lang='grc' dir='ltr'><strong><em>τ’</em></strong></span> <span class='ocrx_word' id='word_1_205' title='bbox 836 2889 927 2968; x_wconf 83' lang='grc' dir='ltr'><strong><em>οὔτις</em></strong></span> <span class='ocrx_word' id='word_1_206' title='bbox 938 2889 1045 2977; x_wconf 81' lang='grc' dir='ltr'><strong><em>ἐρύξει</em></strong></span> <span class='ocrx_word' id='word_1_207' title='bbox 1055 2907 1110 2959; x_wconf 67' lang='grc'><strong><em>315</em></strong></span> 
     </span>
     <span class='ocr_line' id='line_1_28' title="bbox 154 2984 982 3074; baseline 0.007 -24"><span class='ocrx_word' id='word_1_208' title='bbox 154 2984 326 3072; x_wconf 79' lang='grc' dir='ltr'><strong><em>Φαιήκων·</em></strong></span> <span class='ocrx_word' id='word_1_209' title='bbox 346 2984 391 3072; x_wconf 82' lang='grc' dir='ltr'><strong><em>μή</em></strong></span> <span class='ocrx_word' id='word_1_210' title='bbox 411 2995 510 3054; x_wconf 90' lang='grc' dir='ltr'><strong><em>τοῦτο</em></strong></span> <span class='ocrx_word' id='word_1_211' title='bbox 530 2995 630 3074; x_wconf 89' lang='grc' dir='ltr'><strong><em>φίλον</em></strong></span> <span class='ocrx_word' id='word_1_212' title='bbox 649 2991 707 3056; x_wconf 83' lang='grc' dir='ltr'><strong><em>Διὶ</em></strong></span> <span class='ocrx_word' id='word_1_213' title='bbox 725 2989 824 3074; x_wconf 76' lang='grc' dir='ltr'><strong><em>πατρὶ</em></strong></span> <span class='ocrx_word' id='word_1_214' title='bbox 842 2993 982 3073; x_wconf 79' lang='grc' dir='ltr'><strong><em>γένοιτο.</em></strong></span> 
     </span>
     <span class='ocr_line' id='line_1_29' title="bbox 152 3080 1090 3176; baseline 0.006 -27"><span class='ocrx_word' id='word_1_215' title='bbox 152 3081 287 3169; x_wconf 85' lang='grc' dir='ltr'><strong><em>πομπὴν</em></strong></span> <span class='ocrx_word' id='word_1_216' title='bbox 306 3082 337 3150; x_wconf 90' lang='grc' dir='ltr'><strong><em>δ’</em></strong></span> <span class='ocrx_word' id='word_1_217' title='bbox 359 3088 393 3164; x_wconf 88' lang='grc' dir='ltr'><strong><em>ές</em></strong></span> <span class='ocrx_word' id='word_1_218' title='bbox 410 3085 480 3153; x_wconf 91' lang='grc' dir='ltr'><strong><em>τόδ’</em></strong></span> <span class='ocrx_word' id='word_1_219' title='bbox 500 3085 564 3172; x_wconf 75' lang='grc' dir='ltr'><strong><em>ἐγώ</em></strong></span> <span class='ocrx_word' id='word_1_220' title='bbox 584 3093 808 3174; x_wconf 84' lang='grc' dir='ltr'><strong><em>τεκμαίρομαι,</em></strong></span> <span class='ocrx_word' id='word_1_221' title='bbox 829 3087 911 3172; x_wconf 84' lang='grc' dir='ltr'><strong><em>ὄφρ’</em></strong></span> <span class='ocrx_word' id='word_1_222' title='bbox 930 3080 970 3154; x_wconf 76' lang='grc' dir='ltr'><strong><em>εὖ</em></strong></span> <span class='ocrx_word' id='word_1_223' title='bbox 989 3092 1090 3176; x_wconf 81' lang='grc' dir='ltr'><strong><em>είδῇς,</em></strong></span> 
     </span>
     <span class='ocr_line' id='line_1_30' title="bbox 153 3180 994 3276; baseline 0.007 -29"><span class='ocrx_word' id='word_1_224' title='bbox 153 3181 271 3264; x_wconf 81' lang='grc' dir='ltr'><strong><em>αὔριον</em></strong></span> <span class='ocrx_word' id='word_1_225' title='bbox 290 3180 338 3262; x_wconf 76' lang='grc' dir='ltr'><strong><em>ές·</em></strong></span> <span class='ocrx_word' id='word_1_226' title='bbox 358 3192 460 3271; x_wconf 83' lang='grc' dir='ltr'><strong><em>τῆμος</em></strong></span> <span class='ocrx_word' id='word_1_227' title='bbox 480 3185 515 3253; x_wconf 74' lang='grc' dir='ltr'><strong><em>δέ</em></strong></span> <span class='ocrx_word' id='word_1_228' title='bbox 535 3184 577 3252; x_wconf 82' lang='grc' dir='ltr'><strong><em>σὺ</em></strong></span> <span class='ocrx_word' id='word_1_229' title='bbox 596 3188 659 3271; x_wconf 77' lang='grc' dir='ltr'><strong><em>μὲν</em></strong></span> <span class='ocrx_word' id='word_1_230' title='bbox 678 3189 879 3274; x_wconf 86' lang='grc' dir='ltr'><strong><em>δεδμημένος</em></strong></span> <span class='ocrx_word' id='word_1_231' title='bbox 898 3185 994 3276; x_wconf 74' lang='grc' dir='ltr'><strong><em>ὕπνῳ</em></strong></span> 
     </span>
     <span class='ocr_line' id='line_1_31' title="bbox 152 3279 962 3373; baseline 0.007 -27"><span class='ocrx_word' id='word_1_232' title='bbox 152 3282 266 3364; x_wconf 80' lang='grc' dir='ltr'><strong><em>λέξεαι,</em></strong></span> <span class='ocrx_word' id='word_1_233' title='bbox 286 3284 320 3348; x_wconf 87' lang='grc' dir='ltr'><strong><em>οί</em></strong></span> <span class='ocrx_word' id='word_1_234' title='bbox 338 3279 369 3348; x_wconf 91' lang='grc' dir='ltr'><strong><em>δ’</em></strong></span> <span class='ocrx_word' id='word_1_235' title='bbox 391 3283 508 3350; x_wconf 82' lang='grc' dir='ltr'><strong><em>ἐλόωσι</em></strong></span> <span class='ocrx_word' id='word_1_236' title='bbox 527 3286 686 3373; x_wconf 77' lang='grc' dir='ltr'><strong><em>γαλήνην,</em></strong></span> <span class='ocrx_word' id='word_1_237' title='bbox 707 3282 787 3371; x_wconf 83' lang='grc' dir='ltr'><strong><em>ὄφρ’</em></strong></span> <span class='ocrx_word' id='word_1_238' title='bbox 809 3280 852 3352; x_wconf 87' lang='grc' dir='ltr'><strong><em>ἀν</em></strong></span> <span class='ocrx_word' id='word_1_239' title='bbox 873 3289 962 3371; x_wconf 81' lang='grc' dir='ltr'><strong><em>ἵκηαι</em></strong></span> 
     </span>
     <span class='ocr_line' id='line_1_32' title="bbox 152 3377 1109 3471; baseline 0.015 -29"><span class='ocrx_word' id='word_1_240' title='bbox 152 3379 291 3459; x_wconf 85' lang='grc' dir='ltr'><strong><em>πατρίδα</em></strong></span> <span class='ocrx_word' id='word_1_241' title='bbox 311 3377 375 3464; x_wconf 79' lang='grc' dir='ltr'><strong><em>σήν</em></strong></span> <span class='ocrx_word' id='word_1_242' title='bbox 390 3382 446 3448; x_wconf 78' lang='grc' dir='ltr'><strong><em>καὶ</em></strong></span> <span class='ocrx_word' id='word_1_243' title='bbox 463 3386 567 3467; x_wconf 77' lang='grc' dir='ltr'><strong><em>δῶμα,</em></strong></span> <span class='ocrx_word' id='word_1_244' title='bbox 584 3385 638 3450; x_wconf 83' lang='grc' dir='ltr'><strong><em>καὶ</em></strong></span> <span class='ocrx_word' id='word_1_245' title='bbox 655 3394 686 3451; x_wconf 83' lang='grc' dir='ltr'><strong><em>εί</em></strong></span> <span class='ocrx_word' id='word_1_246' title='bbox 694 3384 761 3450; x_wconf 88' lang='grc' dir='ltr'><strong><em>πού</em></strong></span> <span class='ocrx_word' id='word_1_247' title='bbox 771 3411 822 3452; x_wconf 91' lang='grc' dir='ltr'><strong><em>τοι</em></strong></span> <span class='ocrx_word' id='word_1_248' title='bbox 832 3392 932 3470; x_wconf 89' lang='grc' dir='ltr'><strong><em>φίλον</em></strong></span> <span class='ocrx_word' id='word_1_249' title='bbox 943 3387 1042 3471; x_wconf 74' lang='grc' dir='ltr'><strong><em>ἐστὶν,</em></strong></span> <span class='ocrx_word' id='word_1_250' title='bbox 1055 3403 1109 3456; x_wconf 73' lang='lat'><strong><em>³2⁰</em></strong></span> 
     </span>
     <span class='ocr_line' id='line_1_33' title="bbox 151 3478 1013 3571; baseline 0.014 -30"><span class='ocrx_word' id='word_1_251' title='bbox 151 3487 242 3557; x_wconf 78' lang='grc' dir='ltr'><strong><em>εἰπερ</em></strong></span> <span class='ocrx_word' id='word_1_252' title='bbox 262 3479 316 3544; x_wconf 84' lang='grc' dir='ltr'><strong><em>καὶ</em></strong></span> <span class='ocrx_word' id='word_1_253' title='bbox 334 3478 422 3562; x_wconf 86' lang='grc' dir='ltr'><strong><em>μύλα</em></strong></span> <span class='ocrx_word' id='word_1_254' title='bbox 440 3479 567 3549; x_wconf 84' lang='grc' dir='ltr'><strong><em>πολλόν</em></strong></span> <span class='ocrx_word' id='word_1_255' title='bbox 587 3483 751 3566; x_wconf 82' lang='grc' dir='ltr'><strong><em>ἑκαστέρω</em></strong></span> <span class='ocrx_word' id='word_1_256' title='bbox 771 3482 838 3550; x_wconf 79' lang='grc' dir='ltr'><strong><em>ἔστ’</em></strong></span> <span class='ocrx_word' id='word_1_257' title='bbox 862 3481 1013 3571; x_wconf 80' lang='grc' dir='ltr'><strong><em>Εὐβοίης,</em></strong></span> 
     </span>
    </p>
   </div>
   <div class='ocr_carea' id='block_1_3' title="bbox 0 0 1230 3910">
    <p class='ocr_par' dir='ltr' id='par_1_11' title="bbox 0 0 1230 3910">
     <span class='ocr_line' id='line_1_34' title="bbox 0 0 1230 3910; baseline 0 1"><span class='ocrx_word' id='word_1_258' title='bbox 0 0 1230 3910; x_wconf 95' lang='lat' dir='ltr'><strong><em> </em></strong></span> 
     </span>
    </p>
   </div>
  </div>
 </body>
</html>
