2396 3914
166 253 228 318 184
470 259 530 315 ΟΔ
542 254 762 314 ΤΣΣΕΙΑΣ
785 259 825 314 Α.

165 423 282 484 στεῦτο
300 415 337 484 δὲ
353 413 493 501 διψάων,
512 417 617 482 πιέειν
634 411 668 482 δ’
685 411 748 481 ούκ
765 411 851 499 εἶχεν
870 414 1018 482 ἑλέσθαι

166 513 287 582 ὁσσάκι
300 511 365 599 γάρ
384 509 492 594 κύψει’
510 509 527 581 ὁ
544 507 654 599 γέρων
672 515 777 580 πιέειν
793 522 987 600 μενεαίνων,
1073 529 1124 584 58..
1196 531 1197 610 ψ

166 611 299 699 τοσσάχ’
319 612 412 699 ὕδωρ
430 608 618 680 ἀπολέσκετ’
640 609 836 698 ἀναβροχέν,
847 609 933 699 ἀμφὶ
949 611 985 680 δὲ
1002 614 1126 681 ποσσὶν
1196 669 1197 700 ,

166 724 241 797 γαία
258 715 395 797 μέλαινα
413 711 570 796 φάνεσκε,
588 710 812 796 καταζήνασκε
831 711 868 780 δέ
883 714 1020 798 δαίμων.

167 811 305 895 δένδρεα
322 807 355 877 δ’
373 806 557 903 ὑψιπέτηλα
574 807 658 876 κατά
675 817 806 896 κρῆθεν
821 811 874 896 χέε
891 807 1033 895 καρπόν,

166 905 283 995 ὄγχναι
300 909 354 976 καί
369 909 456 994 δοιαὶ
473 907 528 975 καί
544 910 661 993 μηλέαι
678 905 907 996 ἀγλαόκαρποι

166 1008 282 1076 συκέαι
296 1032 331 1074 τε
346 1009 504 1092 γλυκεραὶ
521 1008 577 1074 καὶ
594 1009 698 1075 έλαίαι
713 1007 936 1093 τηλεθόωσαι·
1072 1023 1128 1078 59⁰

165 1113 233 1173 τῶν
249 1100 339 1174 ὁπότ’
361 1100 480 1172 δθύσεί
499 1099 517 1170 ὁ
534 1105 643 1188 γέρων
662 1106 715 1172 ἐπὶ
731 1108 822 1191 χερσὶ
838 1106 1022 1192 μάσασθαι,

164 1202 222 1283 τάς
237 1201 267 1271 δ’
287 1202 409 1289 ἄνεμος
429 1204 586 1288 ῥίπτασκε
602 1205 676 1271 ποτδ
695 1205 799 1289 νέφεα
815 1203 977 1273 σκιόεντα.

206 1304 273 1371 Καὶ
287 1301 356 1388 μήν
372 1306 529 1386 Σίσυφον
547 1305 689 1370 είσετδον
707 1301 834 1390 κρατέρ’
852 1302 940 1390 ἄλγε’
957 1310 1087 1391 έχοντα,

167 1409 249 1472 λᾶαν
265 1399 469 1489 βαστάζοντα
483 1399 651 1487 πελόριον
667 1399 901 1492 ἀμφοτέρησιν.

166 1499 236 1588 ήτοι
253 1497 271 1569 ὁ
290 1499 351 1587 μὲν
368 1498 630 1588 σκηριπτόμενος
646 1507 759 1588 χερσίν
777 1527 813 1570 τε
829 1509 928 1570 ποσίν
944 1527 979 1570 τε
1071 1517 1128 1571 595

165 1605 250 1668 λάαν
266 1597 337 1668 ἀνω
355 1596 485 1668 όθεσκε
502 1601 578 1666 ποτὶ
594 1598 719 1684 λόφον·
741 1596 811 1669 ἀλλ’
829 1598 884 1669 ὅτε
899 1603 1012 1688 μέλλοι

165 1696 270 1784 ἀκρον
287 1696 514 1786 ὑπερβαλέειν,
532 1695 597 1766 τότ’
615 1695 866 1786 ἀποστρέψασκε
882 1704 1046 1786 κραταιίς·

165 1791 258 1878 αὖτις
275 1805 385 1868 ἔπειτα
402 1800 542 1867 κέδονδε
559 1803 732 1867 κυλίνδετο
749 1804 832 1878 λᾶας
849 1795 996 1885 ἀναιδής.

165 1895 270 1981 αύτάρ
286 1894 333 1983 ὅγ’
353 1891 401 1979 ἀψ
419 1894 548 1965 ὤσασκε
564 1895 802 1983 τιταινόμενος,
820 1892 903 1964 κατά
921 1894 953 1964 δ’
972 1895 1074 1984 [δρός

164 1999 278 2082 έρρεεν
295 1998 332 2064 έκ
349 1996 485 2083 μελέων,
505 2001 601 2082 κονίη
620 1993 653 2063 δ’
671 2000 707 2065 ἐκ
727 1992 848 2082 κρατός
865 1992 995 2084 ὀριόρει.
1069 2010 1129 2065 600

209 2091 278 2162 Τὸν
295 2093 331 2162 δέ
348 2091 414 2180 μετ’
431 2094 605 2182 εἰσενόησα
622 2101 700 2182 βίην
713 2092 941 2182 Ἡρακληείην,

163 2195 316 2261 εἴδωλον·
340 2189 439 2270 αὑτός
457 2193 492 2260 δὲ
508 2189 576 2278 μετ’-
592 2191 793 2261 ἀθανάτοισι
809 2201 941 2260 θεοῖσιν

164 2293 315 2374 τέρπεται
332 2292 369 2358 έν
385 2297 505 2378 θαλίης
522 2292 577 2358 καὶ
595 2297 660 2370 ἔχει
678 2297 908 2377 καλλίσφυρον
921 2289 1032 2378 Ἥβην

164 2393 276 2474 [παίδα
292 2386 376 2468 Διός
393 2389 549 2476 μεγάλοιο
567 2392 622 2457 καί
635 2388 740 2477 Ἥρης
755 2395 1020 2478 χρυσοπεδίλου].

163 2486 249 2575 ἀμφὶ
265 2489 304 2556 δέ
317 2514 376 2575 μιν
392 2488 519 2576 κλαγγή
536 2490 670 2558 νεκύων
684 2482 729 2576 ήν
745 2495 876 2558 οίωνοδν
897 2485 952 2575 ἀς,
1069 2505 1128 2560 605

164 2585 297 2657 πάντοσ’
316 2585 540 2675 ἀτυζομένων·
565 2587 583 2657 ὁ
602 2585 634 2656 δ’
654 2591 775 2677 έρεμνή
792 2590 889 2658 νυκτί
907 2587 1031 2673 έοικάς,

163 2685 294 2774 γυμνόν
310 2687 408 2768 τόξον
424 2693 508 2774 ἔχων
525 2689 581 2757 καί
598 2690 651 2756 ἐπὶ
667 2695 834 2775 νευρῆφιν
852 2685 978 2776 όλστὸν,

164 2784 277 2852 δεινόν
294 2790 498 2870 παπταίνων,
518 2789 581 2854 αίεί
597 2789 750 2873 βαλέοντι
766 2788 891 2866 έοικος.

163 2885 362 2969 σμερδαλέος
379 2887 416 2952 δέ
431 2887 465 2952 oc
479 2881 565 2970 ἀμφὶ
581 2887 656 2973 περὶ
672 2885 855 2973 στήθεσσιν
872 2882 998 2973 ἀορτήρ
1106 2883 1120 2903 “

162 2981 302 3067 χρύσεος
318 2973 362 3069 ήν
377 2980 539 3070 τελαμὺν,
556 2987 613 3052 ἵνα
629 2987 774 3054 θέσκελα
791 2991 871 3073 ἔργα
888 2986 1039 3072 τέτυκτο,
1070 3001 1130 3057 61⁰

162 3077 278 3165 ἀρκτοι
295 3077 319 3148 τ’
339 3079 517 3170 ἀγρότεροί
530 3109 565 3152 τε
584 3084 663 3164 σύες
679 3090 823 3170 χαροποί
835 3109 871 3153 τε
889 3087 1030 3170 λέοντες,

162 3174 302 3264 ὑσμίναί
316 3205 351 3247 τε
368 3181 468 3269 μάχαι
484 3208 519 3250 τε
536 3183 637 3269 φόνοι
651 3181 676 3250 τ’
695 3183 932 3270 ἀνδροκτασίαι
948 3209 992 3251 τε.

162 3272 206 3360 μή
224 3279 465 3365 τεχνησάμενος
483 3279 561 3366 μηδ’
579 3280 659 3350 ἀλλο
678 3309 709 3349 τι
726 3281 931 3370 τεχνήσαιτο,

162 3369 199 3451 ὃς
216 3386 328 3442 κείνου
343 3385 517 3462 τελαμῶνα
534 3380 571 3465 ἑῇ
586 3381 766 3463 ἐγκάτθετο
784 3382 890 3466 τέχνη.

161 3472 248 3552 έγνω
267 3469 297 3535 δ’
318 3470 436 3541 αὐτίκα
452 3485 570 3561 κείνος,
590 3478 659 3544 έπεὶ
675 3481 747 3544 ίδεν
763 3474 1004 3563 ὀφθαλμοῖσιν,
1071 3492 1129 3547 615
