2392 3914
180 215 245 282 264
484 194 774 278 ολυεεεικε
801 218 841 275 ιι.

182 377 369 457 ξάοντός’
340 405 361 464 γ
387 379 509 470 ἐμέθεν
524 379 579 446 καί
596 378 649 445 ἐπὶ
665 380 764 463 χθονί
781 379 1008 464 δερκομένοιο

183 469 301 544 ωδε
262 504 327 564 γαρ
344 480 478 562 ἐξερέω,
499 472 611 543 καὶ
570 502 638 562 μην
654 480 885 562 τετελεσμένον
901 482 1007 544 ἐσται·
1084 491 1137 545 444

181 575 314 656 αἶήάοί
328 569 408 661 αἷμα
425 571 583 642 κελαινόν
599 576 737 661 ἐρωήσει
753 577 829 662 περὶ
846 577 942 662 δουρὶ
1184 616 1185 672 η

181 673 343 764 ἡμετέρῳ,
361 678 451 760 έπειη
440 674 524 741 καὶ
541 674 598 759 ἐμε
614 679 838 762 πτολίπορθος
851 672 1029 753 Ὀδυσσεύς
1184 673 1185 684 ’

182 774 323 842 πολλάκι
340 773 503 858 γούνασιν
518 767 639 840 οἷσιν’
623 772 847 859 εφεσσάμενος
863 770 997 858 κρέας’
980 769 1088 841 οπτὸν
1184 783 1185 792 ’

182 877 219 942 έν
235 880 399 960 χείρεσσιν
415 879 555 960 ἔθηκεν,
574 875 687 959 ἐπέσχε
702 897 737 940 τε
752 872 846 940 οἶνον
862 871 1025 960 ἐρυθρόν.

181 981 226 1062 τῷ
245 1000 301 1060 μοι
320 977 506 1060 Τηλέμαχος
523 972 658 1039 πάντων
676 969 762 1040 πολύ
780 971 937 1056 φίλτατός
954 972 1045 1038 ἐστιν
1086 950 1186 1037 445

182 1072 333 1159 ἀνδρων,
352 1070 434 1139 ούδέ
447 1078 481 1139 τί
493 1098 552 1158 μιν
568 1072 720 1140 θάνατον
736 1067 978 1156 τρομέεσθαι”
954 1095 1073 1154 ανωγα

183 1178 219 1240 ἐκ
235 1199 274 1257 γε
291 1173 505 1259 μνηστήρων·
523 1171 652 1241 θεοθεν
669 1170 701 1238 δ
720 1170 784 1239 ούκ
801 1167 862 1239 ἔστ’
884 1167 1085 1238 ἀλέασθαι.“

224 1265 285 1350 Ὦς
302 1271 388 1356 φάτο
404 1272 605 1356 θαρσύνων,
621 1279 668 1361 τῷ
686 1269 715 1338 δ’
727 1270 852 1356 ήρτυεν
868 1267 969 1349 αὐτὸς
981 1269 1133 1353 ὄλεθρον.
1186 1284 1187 1324 4

180 1368 201 1456 ἡ
220 1373 281 1456 μὲν
298 1368 347 1454 ἀρ’
366 1367 560 1456 είσαναβᾶσ’
580 1369 728 1456 ὑπερώϊα
747 1370 946 1455 σιγαλόεντα

182 1477 294 1537 κλαῖεν
314 1467 410 1538 ἔπειτ’
427 1467 588 1556 Ὀδυσῆα,
610 1477 710 1554 φίλον
730 1469 846 1554 πόσιν,
869 1467 961 1554 όφρα
976 1470 1011 1534 οί
1029 1465 1136 1533 ύπνον

182 1564 268 1653 ἡδύν
287 1569 339 1633 ἐπὶ
359 1567 558 1653 βλεφάροισι
578 1566 661 1653 βάλε
681 1574 873 1652 γλαυκῶπις
890 1565 1028 1652 Ἀθήνη.
1088 1577 1133 1633 451
1187 1625 1188 1646 ,

218 1660 387 1750 Ἑσπέριος
408 1663 441 1732 δ’
459 1663 596 1751 Ὀδυσῆι·
612 1667 668 1734 καί
687 1670 753 1732 υίέι·
772 1671 842 1745 δῖος
861 1662 1016 1752 ὑφορβός

183 1760 325 1848 ήλυθεν·
348 1766 383 1831 οί
400 1761 431 1831 δ’
454 1762 521 1848 ἀρα
541 1763 671 1849 δόρπου
692 1761 871 1831 ἐπισταδόν
891 1759 1086 1850 ὡπλίζοντο,

183 1869 246 1927 σύν
266 1861 475 1947 ἱερεύσαντες
494 1861 673 1930 ἐνιαύσιον.
701 1859 808 1946 αύτάρ
826 1861 964 1948 Ἀθήνη,

182 1957 256 2043 ἀγχι
275 1964 517 2048 παρισταμένη,
538 1961 748 2048 Λαερτιάδην
767 1961 910 2046 Ὀδυσῆα
1088 1973 1138 2026 455
1188 1950 1189 2022 ί

181 2056 294 2145 ῥάβδῳ
314 2067 499 2144 πεπληγυῖα
520 2059 621 2127 πάλιν
639 2068 755 2146 ποίησε
774 2065 927 2144 γέροντα,
980 2115 983 2129 .

181 2153 288 2280 λυγρά
311 2155 398 2222 δέ”
367 2181 481 2242 ειματα
499 2160 575 2225 ἕσσε
595 2161 670 2242 περὶ
689 2165 779 2244 χροῒ,
800 2160 845 2247 μή
868 2185 884 2228 ε
875 2155 1059 2245 συβωτης

181 2259 276 2338 γνοίη
298 2252 419 2320 ἐσάντα
439 2252 520 2322 ίδάν
541 2259 596 2324 καὶ
617 2261 771 2356 ἐχέφρονι
790 2263 1003 2378 Πηνελοπείῃ

181 2356 276 2420 ἐλθοι
292 2349 508 2439 ἀπαγγέλλων
527 2361 611 2442 μηδὲ
630 2358 752 2444 φρεσὶν
770 2358 970 2440 εἰρύσσαιτο.

227 2449 297 2519 Τόν
315 2455 370 2521 καί
394 2459 580 2542 Τηλέμαχος
606 2455 767 2546 πρότερος
792 2454 876 2544 πρὸς
894 2463 1014 2542 μυθον
1023 2462 1139 2524 ἔειπεν

181 2541 323 2635 ,,ήλθες,
345 2550 389 2620 δι
410 2551 547 2641 Εύμαιε.
569 2561 603 2622 τί
621 2553 661 2641 δή
682 2556 779 2634 κλέος
795 2551 898 2623 ἔστ’
880 2553 946 2622 ανά
968 2553 1073 2635 ἀστυς
1090 2565 1137 2619 454

105 2649 108 2656 '
180 2677 201 2734 η
190 2642 254 2736 ῥ’
278 2650 341 2736 ήδη
362 2661 544 2739 μνηστῆρες
564 2652 725 2774 ἀγήνορες
743 2658 876 2720 ἐνδον
864 2659 960 2720 εασιν

181 2749 217 2812 ἐκ
238 2746 397 2869 λόχου,”
375 2777 396 2834 η
417 2750 514 2817 ἐπ’
484 2778 508 2834 μ
537 2745 605 2817 αὖτ’
629 2751 777 2837 είρύαται
796 2750 905 2820 οἴκαδ’
928 2749 1065 2827 ίόντα;“

227 2842 295 2910 Τόν
317 2843 351 2910 δ’
373 2845 636 2934 ἀπαμειβόμενος
650 2853 836 2934 προσέφης,
850 2851 981 2932 Εύμαιε
999 2851 1141 2933 συβῶτα,

180 2937 267 3024 ,οὐκ
288 2945 404 3025 ἔμελέν
422 2972 478 3031 μοι
498 2955 602 3014 ταῦτα
622 2956 822 3034 μεταλλῆσαι
841 2951 899 3015 καὶ
918 2952 1058 3032 ἐρέσθαι
1090 2957 1141 3012 465

182 3033 266 3100 ἀστυ
286 3043 579 3126 καταβλώσκοντα·
599 3047 735 3131 τάχιστά
754 3073 795 3132 με
814 3045 928 3133 θυμδς
948 3044 1109 3134 ἀνάγει

180 3130 339 3219 ἀγγελίην
360 3142 494 3209 εἰπόντα
513 3143 614 3212 πάλιν
633 3142 720 3229 δεῦρ’
741 3142 957 3214 ἀπονέεσθαι.

181 3223 336 3316 ὡμήρησε
357 3239 393 3303 δέ
413 3267 469 3325 μοι
488 3240 562 3327 παρ’
584 3247 721 3329 ἑταίρων
741 3239 925 3328 άγγελος’
901 3241 1004 3328 ωκύς,

179 3327 342 3412 ³⁶6on
322 3357 360 3411 04
380 3333 421 3422 δή
442 3362 570 3422 πρωτος
590 3349 667 3422 ἔπος
686 3349 729 3430 ση
750 3345 850 3428 μητρὶ
870 3349 993 3411 ἔειπεν.
1091 3354 1139 3410 469

180 3419 261 3487 ἄλλο
283 3429 322 3492 δέ
337 3454 389 3498 τοι
408 3435 484 3522 τόγε
504 3437 592 3506 οῖδα·
614 3441 651 3510 τὸ
670 3439 735 3528 γάρ
755 3447 830 3511 ι’δον
849 3439 1092 3532 ὀφθαλμοῖσιν
