2392 3914
299 271 591 330 ΟΔΤΣΣΕΙΑΣ
615 271 711 330 xvnl.
915 265 975 330 287

30 430 68 518 μή
81 457 129 511 τις
146 428 278 522 ἐπ”Ίρφ
294 423 358 518 ἦρα
374 431 486 516 φέρων
501 431 555 516 ἐμὲ
569 435 650 518 χειρὶ
665 437 780 521 βαρείη
943 447 977 502 66

29 531 126 619 πλήξη
142 529 381 617 ἀτασθάλλων,
397 529 503 618 τοότφ
520 532 558 597 δέ
571 555 610 616 με
625 527 676 616 ίφι
692 530 879 619 δαμάσση.“

56 623 113 708 Ὦς
128 627 247 717 ἔφαθ’,
263 633 297 697 οί
307 626 340 696 δ’
352 627 417 715 ιἰρα
428 627 549 707 πάντες
559 627 745 715 ’ἀπώμνυον
757 625 801 708 ὡς
815 632 975 698 ἐκέλευεν.

30 726 140 814 [αὐτάρ
156 733 232 798 ἐπεί
242 727 275 818 ρ’
291 727 421 816 ὄμοσάν
435 753 470 796 τε
484 726 686 816 τελεύτησάν
701 755 735 797 τε
749 727 808 798 τόν
822 727 948 814 όριιον,]

33 839 91 906 τοῖς
106 826 140 895 δ’
160 820 253 908 αὖτις
270 825 409 915 μετέειφ’
426 824 497 913 ίερή
516 830 546 906 ίς
565 827 767 915 Τηλεμάχοιο
943 843 975 897 60

65 924 186 1014 ,,Ξεῑν’,
204 937 238 994 εί
251 924 283 994 α’
305 925 437 1011 ὀτρύνει
454 929 571 1012 κραδίη
589 926 644 994 καὶ
659 922 770 1012 θνμδς
786 922 919 1013 ιἰγήνωρ
983 939 987 946 ’

32 1031 142 1092 τοῦτον
161 1023 359 1110 ἀλέξασθαι,
377 1031 445 1092 τιόν
462 1020 493 1090 δ’
513 1024 623 1092 ἄλλων
641 1023 745 1111 μήτιν’
760 1019 898 1110 Ἀχαιολν

31 1119 155 1210 δείδιθ’,
177 1123 246 1192 έπεί
263 1121 437 1191 πλεόνεσσι
453 1123 630 1210 μαχήσεται
646 1121 684 1202 ός
700 1125 739 1192 κε’
753 1143 789 1192 σε
807 1130 913 1213 θείνῃ.
971 1181 983 1192 .

30 1221 210 1302 ξεινοδόκος
226 1220 288 1309 μὲν
304 1219 408 1307 ἐνόν,
426 1223 479 1291 ἐπὶ
495 1220 527 1290 δ’
545 1227 688 1290 αίνείτον
704 1227 868 1310 βασιλῆες,

30 1317 190 1402 Ἀντίνοός
206 1347 241 1390 τε
258 1322 313 1390 καί
329 1317 543 1410 Εὐρύμαχος,
558 1325 756 1410 πεπνυμένω
773 1320 906 1409 άμφω.“
941 1338 975 1394 65

61 1416 117 1502 Ὦς
129 1417 251 1508 ἔφαθ’,
269 1424 304 1488 οί
314 1416 345 1488 δ’
357 1419 422 1507 άρα
439 1419 560 1500 πάντες
570 1421 727 1511 ἐπῄνεον·
745 1419 849 1507 αὐτὰρ
859 1419 975 1491 Ὀδυσ-

517 1517 595 1600 σεδς

28 1617 138 1700 ζόσατο
158 1619 222 1706 μὲν
239 1617 376 1706 ήάκεσιν
393 1620 468 1706 περὶ
485 1618 606 1705 μήδεα,
627 1633 725 1705 φαῖνε
741 1622 776 1687 δὲ
793 1618 920 1706 μηροὺς

29 1717 139 1799 ιιιλοός
156 1744 194 1786 τε
212 1718 378 1806 μεγάλους
394 1743 446 1805 τε,
465 1717 572 1803 φάνεν
590 1721 629 1787 δέ
645 1723 679 1787 οί
694 1716 805 1806 εὐρέες
823 1711 907 1806 τόμοι

29 1815 144 1902 στήθεά
163 1843 199 1884 τε
217 1822 371 1904 στιβαροί
383 1842 419 1884 τε
436 1822 623 1904 βραχίονες·
642 1814 749 1903 αὐτὰρ
765 1814 889 1904 Ἀθήνη

28 1913 90 2001 ἅηηι
106 1919 337 2003 παρισταμένη
353 1914 438 2002 μέλε’
454 1915 577 2003 ήλδανε
595 1918 725 2003 ποιμένι
742 1923 841 1984 λαιόν.
938 1929 974 1986 70

29 2023 207 2134 μνηστῆρες
225 2013 302 2109 δ”
279 2041 344 2103 αρα
363 2015 484 2095 πάντες
501 2011 712 2102 ὑπερφιάλως
728 2012 909 2102 ιἰγάσαντο·

29 2103 81 2180 α’δε
97 2119 136 2182 δέ
152 2141 204 2194 τις
222 2103 374 2182 εἴπεσκεν
392 2111 474 2182 ίδοδν
492 2116 524 2194 ές
541 2120 680 2202 πλησίον
697 2113 814 2182 ἄλλον·

57 2205 115 2299 „H
126 2215 213 2302 τάχα
224 2205 308 2302 Ἰρος
316 2212 428 2302 Ἀίρος
444 2217 644 2282 ἐπίσπαστον
660 2211 765 2282 κακόν
778 2213 856 2300 ἔξει,

26 2314 86 2398 οἵην
103 2316 139 2381 ἐκ
160 2309 323 2401 ρακέων’
306 2339 324 2382 ο
343 2313 452 2400 γέρων
468 2316 661 2400 ἐπιγουνίδα
680 2319 823 2402 φαίνει.“

62 2406 120 2491 Ὦς
136 2409 192 2499 ἄρ’
214 2415 317 2498 ἔφαν,
326 2408 406 2500 Ἴρφ
426 2412 461 2480 δέ
478 2420 587 2492 κακῶς
604 2409 740 2501 άρίνετο
755 2409 872 2497 θυμός
937 2424 972 2480 75

29 2504 100 2577 ίλλδι
45 2505 218 2579 λ’καί
192 2536 237 2589 ως
255 2509 475 2598 δρηστῆρες”
453 2536 537 2596 ανον
553 2507 751 2592 ζόσαντες’
731 2508 858 2596 ανάγκη

30 2611 175 2678 δειδιότα·
195 2609 317 2697 σάρκες
334 2610 369 2678 δε
387 2613 643 2734 περιτρομέοντο
658 2612 818 2697 μέλεσσιν.

30 2700 104 2777 ’Δντί
89 2716 181 2790 ίνοος
199 2707 232 2778 δ’
251 2711 402 2778 ἐνένιπεν
418 2706 536 2790 ἔπος
512 2737 529 2778 τ
554 2703 643 2796 ἔφατ’
662 2715 698 2778 έκ
715 2737 733 2778 τ
731 2704 930 2795 ’ὀνόμαζεν

61 2817 159 2895 ,Νῦν
175 2812 238 2898 μὲν
254 2805 326 2896 μήτ’
344 2818 429 2896 είης,
447 2809 599 2896 βουγάιε,
616 2809 698 2897 μήτε
713 2811 834 2896 γένοιο,
962 2843 978 2862 s

32 2909 53 2971 εί
66 2905 103 2995 δή
121 2906 247 2977 τοντόν
263 2932 301 2994 γε
318 2910 466 2995 τρομέεις
482 2909 537 2976 καὶ
554 2912 731 2988 δείδιαςί
695 2935 715 2975 α
729 2913 805 2992 νός,
936 2918 973 2974 80

31 3001 122 3091 ἄνδρα
139 3010 299 3094 γέροντα,
320 3005 385 3096 δόη
404 3003 588 3095 ιἰρημίνον,
605 3005 627 3094 ή
643 3033 700 3094 μιν
717 3004 831 3075 ίκάνει.

31 3102 84 3171 ἀλλ’
103 3111 140 3174 έκ
157 3131 209 3174 τοι
229 3107 328 3192 ἐρέω,
345 3102 382 3174 τό
401 3106 506 3174 δὲκαὶ
523 3106 754 3191 τετελεσμένον
771 3108 876 3172 ἔσται·

30 3212 59 3271 αί
68 3207 124 3274 κέν
142 3202 174 3274 σ’
195 3196 296 3284 οὗτος
310 3204 430 3292 νικήση
446 3209 609 3288 κρείσσων
626 3230 660 3271 τε
675 3204 818 3290 γένηται,

29 3306 133 3392 πέμψω
151 3303 185 3374 σ’
202 3304 399 3393 ἤπειρόνδε,
415 3303 529 3392 βαλών
546 3306 582 3372 ἐν
598 3307 656 3391 νηί
670 3308 821 3394 μελαίνη,

29 3407 65 3482 είς
77 3403 209 3492 Ἐχετον
225 3407 384 3492 βασιλῆά,
402 3409 532 3490 βροτῶν
551 3401 720 3490 δηλήμονα
737 3397 883 3481 πάντων,
933 3408 971 3466 85

32 3495 59 3573 δι
73 3500 99 3570 κ’
119 3501 183 3572 αἰπδ
202 3503 280 3590 ῥῖνα
296 3503 417 3590 τάμησι
432 3503 486 3570 καί
504 3498 608 3570 οὔατα
625 3500 717 3586 νηλέϊ
731 3499 850 3584 χαλκῷ,
