<?xml version="1.0" encoding="UTF-8"?>
<!DOCTYPE html PUBLIC "-//W3C//DTD XHTML 1.0 Transitional//EN"
    "http://www.w3.org/TR/xhtml1/DTD/xhtml1-transitional.dtd">
<html xmlns="http://www.w3.org/1999/xhtml" xml:lang="en" lang="en">
 <head>
  <title>
</title>
<meta http-equiv="Content-Type" content="text/html;charset=utf-8" />
  <meta name='ocr-system' content='tesseract 3.04.00' />
  <meta name='ocr-capabilities' content='ocr_page ocr_carea ocr_par ocr_line ocrx_word'/>
</head>
<body>
  <div class='ocr_page' id='page_1' title='image "./homericarminaad00baumgoog_0402.png"; bbox 0 0 2460 3920; ppageno 0'>
   <div class='ocr_carea' id='block_1_1' title="bbox 362 232 1048 303">
    <p class='ocr_par' dir='ltr' id='par_1_1' title="bbox 362 232 1048 303">
     <span class='ocr_line' id='line_1_1' title="bbox 362 232 1048 303; baseline 0.016 -11"><span class='ocrx_word' id='word_1_1' title='bbox 362 232 662 294; x_wconf 74' lang='grc' dir='ltr'><em>ΟΔΥΣΣΕΙΑΣ</em></span> <span class='ocrx_word' id='word_1_2' title='bbox 684 237 769 296; x_wconf 84' lang='lat' dir='ltr'>XXII.</span> <span class='ocrx_word' id='word_1_3' title='bbox 984 237 1048 303; x_wconf 73' lang='grc'><strong><em>853</em></strong></span> 
     </span>
    </p>
   </div>
   <div class='ocr_carea' id='block_1_2' title="bbox 72 389 881 487">
    <p class='ocr_par' dir='ltr' id='par_1_2' title="bbox 72 389 881 487">
     <span class='ocr_line' id='line_1_2' title="bbox 72 389 881 487; baseline 0.009 -27"><span class='ocrx_word' id='word_1_4' title='bbox 72 397 122 482; x_wconf 85' lang='grc' dir='ltr'><strong><em>οίη</em></strong></span> <span class='ocrx_word' id='word_1_5' title='bbox 140 389 190 462; x_wconf 81' lang='grc' dir='ltr'><strong><em>ὅτ’</em></strong></span> <span class='ocrx_word' id='word_1_6' title='bbox 208 390 295 481; x_wconf 78' lang='grc' dir='ltr'><strong><em>ἀμφ’</em></strong></span> <span class='ocrx_word' id='word_1_7' title='bbox 307 390 428 480; x_wconf 81' lang='grc' dir='ltr'><strong><em>Ἑλένη</em></strong></span> <span class='ocrx_word' id='word_1_8' title='bbox 444 394 643 482; x_wconf 75' lang='grc' dir='ltr'><strong><em>λευκωλένῳ</em></strong></span> <span class='ocrx_word' id='word_1_9' title='bbox 677 391 881 487; x_wconf 87' lang='grc' dir='ltr'><strong><em>εὐπατερείη,</em></strong></span> 
     </span>
    </p>
   </div>
   <div class='ocr_carea' id='block_1_3' title="bbox 7 491 905 682">
    <p class='ocr_par' dir='ltr' id='par_1_3' title="bbox 7 491 905 682">
     <span class='ocr_line' id='line_1_3' title="bbox 7 491 841 582; baseline 0.005 -22"><span class='ocrx_word' id='word_1_10' title='bbox 7 527 8 534; x_wconf 45' lang='lat'>¹</span> <span class='ocrx_word' id='word_1_11' title='bbox 74 493 219 572; x_wconf 73' lang='grc' dir='ltr'><strong><em>εἰνάετες</em></strong></span> <span class='ocrx_word' id='word_1_12' title='bbox 239 491 422 578; x_wconf 83' lang='grc' dir='ltr'><strong><em>Τράεσσιν</em></strong></span> <span class='ocrx_word' id='word_1_13' title='bbox 439 491 588 578; x_wconf 84' lang='grc' dir='ltr'><strong><em>έμάρναο</em></strong></span> <span class='ocrx_word' id='word_1_14' title='bbox 606 497 750 582; x_wconf 73' lang='grc' dir='ltr'><strong><em>νωλεμὲς</em></strong></span> <span class='ocrx_word' id='word_1_15' title='bbox 767 498 841 582; x_wconf 85' lang='grc' dir='ltr'><strong><em>αίελ,</em></strong></span> 
     </span>
     <span class='ocr_line' id='line_1_4' title="bbox 7 589 905 682; baseline -0.001 -21"><span class='ocrx_word' id='word_1_16' title='bbox 7 617 8 624; x_wconf 64' lang='grc'><strong>“</strong></span> <span class='ocrx_word' id='word_1_17' title='bbox 72 589 219 672; x_wconf 79' lang='grc' dir='ltr'><strong><em>πολλοὺς</em></strong></span> <span class='ocrx_word' id='word_1_18' title='bbox 239 590 275 660; x_wconf 84' lang='grc' dir='ltr'><strong><em>δ’</em></strong></span> <span class='ocrx_word' id='word_1_19' title='bbox 295 590 426 677; x_wconf 78' lang='grc' dir='ltr'><strong><em>ἄνδρας</em></strong></span> <span class='ocrx_word' id='word_1_20' title='bbox 443 595 587 676; x_wconf 75' lang='grc' dir='ltr'><strong><em>ἔπεφνες</em></strong></span> <span class='ocrx_word' id='word_1_21' title='bbox 602 593 640 658; x_wconf 89' lang='grc' dir='ltr'><strong><em>έν</em></strong></span> <span class='ocrx_word' id='word_1_22' title='bbox 657 598 734 682; x_wconf 82' lang='grc' dir='ltr'><strong><em>αίνῇ</em></strong></span> <span class='ocrx_word' id='word_1_23' title='bbox 750 598 905 681; x_wconf 72' lang='grc' dir='ltr'><strong><em>δηϊοτῆτι,</em></strong></span> 
     </span>
    </p>
   </div>
   <div class='ocr_carea' id='block_1_4' title="bbox 7 681 10 832">
    <p class='ocr_par' dir='ltr' id='par_1_4' title="bbox 7 667 10 832">
     <span class='ocr_line' id='line_1_5' title="bbox 7 681 10 832; baseline 0 0"><span class='ocrx_word' id='word_1_24' title='bbox 7 681 10 832; x_wconf 88' lang='grc' dir='ltr'>Ι</span> 
     </span>
    </p>
   </div>
   <div class='ocr_carea' id='block_1_5' title="bbox 69 687 1046 1076">
    <p class='ocr_par' dir='ltr' id='par_1_5' title="bbox 70 687 1046 977">
     <span class='ocr_line' id='line_1_6' title="bbox 71 687 1046 779; baseline -0.002 -19"><span class='ocrx_word' id='word_1_25' title='bbox 71 700 111 779; x_wconf 88' lang='grc' dir='ltr'><strong><em>σῆ</em></strong></span> <span class='ocrx_word' id='word_1_26' title='bbox 130 690 165 759; x_wconf 86' lang='grc' dir='ltr'><strong><em>δ’</em></strong></span> <span class='ocrx_word' id='word_1_27' title='bbox 183 690 259 779; x_wconf 86' lang='grc' dir='ltr'><strong><em>ῆλω</em></strong></span> <span class='ocrx_word' id='word_1_28' title='bbox 278 697 391 778; x_wconf 80' lang='grc' dir='ltr'><strong><em>βουλῇ</em></strong></span> <span class='ocrx_word' id='word_1_29' title='bbox 408 689 571 776; x_wconf 80' lang='grc' dir='ltr'><strong><em>Πριάμου</em></strong></span> <span class='ocrx_word' id='word_1_30' title='bbox 586 689 682 768; x_wconf 84' lang='grc' dir='ltr'><strong><em>πόλις</em></strong></span> <span class='ocrx_word' id='word_1_31' title='bbox 699 687 892 777; x_wconf 75' lang='grc' dir='ltr'><strong><em>εὐρυάγυια.</em></strong></span> <span class='ocrx_word' id='word_1_32' title='bbox 992 709 1046 764; x_wconf 68' lang='grc' dir='ltr'><strong><em>σεο</em></strong></span> 
     </span>
     <span class='ocr_line' id='line_1_7' title="bbox 70 787 1022 879; baseline 0.002 -21"><span class='ocrx_word' id='word_1_33' title='bbox 70 799 138 871; x_wconf 81' lang='grc' dir='ltr'><strong><em>πῶς</em></strong></span> <span class='ocrx_word' id='word_1_34' title='bbox 156 796 200 879; x_wconf 88' lang='grc' dir='ltr'><strong><em>δη</em></strong></span> <span class='ocrx_word' id='word_1_35' title='bbox 217 799 305 878; x_wconf 84' lang='grc' dir='ltr'><strong><em>νῦν,</em></strong></span> <span class='ocrx_word' id='word_1_36' title='bbox 324 789 382 858; x_wconf 86' lang='grc' dir='ltr'><strong><em>ότε</em></strong></span> <span class='ocrx_word' id='word_1_37' title='bbox 398 788 462 856; x_wconf 90' lang='grc' dir='ltr'><strong><em>σόν</em></strong></span> <span class='ocrx_word' id='word_1_38' title='bbox 477 813 522 856; x_wconf 83' lang='grc' dir='ltr'><strong><em>τε</em></strong></span> <span class='ocrx_word' id='word_1_39' title='bbox 533 789 640 875; x_wconf 77' lang='grc' dir='ltr'><strong><em>δόμον</em></strong></span> <span class='ocrx_word' id='word_1_40' title='bbox 654 791 710 857; x_wconf 84' lang='grc' dir='ltr'><strong><em>καλ</em></strong></span> <span class='ocrx_word' id='word_1_41' title='bbox 726 787 875 877; x_wconf 79' lang='grc' dir='ltr'><strong><em>κτήμαθ’</em></strong></span> <span class='ocrx_word' id='word_1_42' title='bbox 887 789 1022 878; x_wconf 88' lang='grc' dir='ltr'><strong><em>ίκάνεις,</em></strong></span> 
     </span>
     <span class='ocr_line' id='line_1_8' title="bbox 72 886 901 977; baseline 0.001 -20"><span class='ocrx_word' id='word_1_43' title='bbox 72 889 156 957; x_wconf 79' lang='grc' dir='ltr'><strong><em>άντα</em></strong></span> <span class='ocrx_word' id='word_1_44' title='bbox 173 889 385 977; x_wconf 79' lang='grc' dir='ltr'><strong><em>μνηστήρων</em></strong></span> <span class='ocrx_word' id='word_1_45' title='bbox 403 886 595 973; x_wconf 73' lang='grc' dir='ltr'><strong><em>ὀλοφύρεαι</em></strong></span> <span class='ocrx_word' id='word_1_46' title='bbox 611 887 750 975; x_wconf 84' lang='grc' dir='ltr'><strong><em>άλκιμος</em></strong></span> <span class='ocrx_word' id='word_1_47' title='bbox 767 887 868 969; x_wconf 77' lang='grc' dir='ltr'><strong><em>ελναις</em></strong></span> <span class='ocrx_word' id='word_1_48' title='bbox 898 927 901 940; x_wconf 90' lang='grc'><em>·</em></span> 
     </span>
    </p>

    <p class='ocr_par' dir='ltr' id='par_1_6' title="bbox 69 983 1040 1076">
     <span class='ocr_line' id='line_1_9' title="bbox 69 983 1040 1076; baseline 0 -20"><span class='ocrx_word' id='word_1_49' title='bbox 69 987 136 1058; x_wconf 78' lang='grc' dir='ltr'><strong><em>ἄλλ’</em></strong></span> <span class='ocrx_word' id='word_1_50' title='bbox 148 989 212 1075; x_wconf 85' lang='grc' dir='ltr'><strong><em>άγε</em></strong></span> <span class='ocrx_word' id='word_1_51' title='bbox 231 993 355 1074; x_wconf 84' lang='grc' dir='ltr'><strong><em>δεῦρο,</em></strong></span> <span class='ocrx_word' id='word_1_52' title='bbox 374 991 501 1074; x_wconf 86' lang='grc' dir='ltr'><strong><em>πέπον,</em></strong></span> <span class='ocrx_word' id='word_1_53' title='bbox 519 985 595 1071; x_wconf 83' lang='grc' dir='ltr'><strong><em>παρ’</em></strong></span> <span class='ocrx_word' id='word_1_54' title='bbox 606 983 653 1072; x_wconf 74' lang='grc' dir='ltr'><strong><em>ἔμ’</em></strong></span> <span class='ocrx_word' id='word_1_55' title='bbox 663 990 779 1054; x_wconf 74' lang='grc' dir='ltr'><strong><em>ἵστασο</em></strong></span> <span class='ocrx_word' id='word_1_56' title='bbox 796 987 851 1054; x_wconf 83' lang='grc' dir='ltr'><strong><em>καλ</em></strong></span> <span class='ocrx_word' id='word_1_57' title='bbox 868 991 918 1056; x_wconf 88' lang='grc' dir='ltr'><strong><em>ίδε</em></strong></span> <span class='ocrx_word' id='word_1_58' title='bbox 930 992 1040 1076; x_wconf 78' lang='grc' dir='ltr'><strong><em>ἔργον,</em></strong></span> 
     </span>
    </p>
   </div>
   <div class='ocr_carea' id='block_1_6' title="bbox 7 1081 890 1178">
    <p class='ocr_par' dir='ltr' id='par_1_7' title="bbox 7 1081 890 1178">
     <span class='ocr_line' id='line_1_10' title="bbox 7 1081 890 1178; baseline 0 -24"><span class='ocrx_word' id='word_1_59' title='bbox 7 1087 9 1106; x_wconf 83' lang='grc'><strong><em>’</em></strong></span> <span class='ocrx_word' id='word_1_60' title='bbox 69 1083 141 1175; x_wconf 88' lang='grc' dir='ltr'><strong><em>ὄφρ’</em></strong></span> <span class='ocrx_word' id='word_1_61' title='bbox 162 1093 259 1178; x_wconf 80' lang='grc' dir='ltr'><strong><em>εἰδῇς</em></strong></span> <span class='ocrx_word' id='word_1_62' title='bbox 277 1081 350 1168; x_wconf 86' lang='grc' dir='ltr'><strong><em>οἷός</em></strong></span> <span class='ocrx_word' id='word_1_63' title='bbox 366 1111 421 1155; x_wconf 89' lang='grc' dir='ltr'><strong><em>τοι</em></strong></span> <span class='ocrx_word' id='word_1_64' title='bbox 436 1089 476 1155; x_wconf 77' lang='grc' dir='ltr'><strong><em>ἐν</em></strong></span> <span class='ocrx_word' id='word_1_65' title='bbox 493 1084 637 1170; x_wconf 80' lang='grc' dir='ltr'><strong><em>άνδράσι</em></strong></span> <span class='ocrx_word' id='word_1_66' title='bbox 653 1090 890 1172; x_wconf 73' lang='grc' dir='ltr'><strong><em>δυσμενέεσσιν</em></strong></span> 
     </span>
    </p>
   </div>
   <div class='ocr_carea' id='block_1_7' title="bbox 67 1182 1039 1968">
    <p class='ocr_par' dir='ltr' id='par_1_8' title="bbox 72 1182 1039 1373">
     <span class='ocr_line' id='line_1_11' title="bbox 72 1182 1039 1274; baseline 0.001 -20"><span class='ocrx_word' id='word_1_67' title='bbox 72 1191 218 1274; x_wconf 83' lang='grc' dir='ltr'><strong><em>Μέντωρ</em></strong></span> <span class='ocrx_word' id='word_1_68' title='bbox 235 1186 426 1273; x_wconf 75' lang='grc' dir='ltr'><strong><em>Ἀλκιμίδης</em></strong></span> <span class='ocrx_word' id='word_1_69' title='bbox 444 1183 637 1271; x_wconf 77' lang='grc' dir='ltr'><strong><em>εὐεργεσίας</em></strong></span> <span class='ocrx_word' id='word_1_70' title='bbox 650 1182 857 1254; x_wconf 83' lang='grc' dir='ltr'><strong><em>άποτίνειν.“</em></strong></span> <span class='ocrx_word' id='word_1_71' title='bbox 987 1199 1039 1255; x_wconf 69' lang='lat'><strong><em>235</em></strong></span> 
     </span>
     <span class='ocr_line' id='line_1_12' title="bbox 105 1278 988 1373; baseline -0.001 -19"><span class='ocrx_word' id='word_1_72' title='bbox 105 1278 146 1354; x_wconf 79' lang='grc' dir='ltr'>Ἠ</span> <span class='ocrx_word' id='word_1_73' title='bbox 165 1288 210 1372; x_wconf 78' lang='grc' dir='ltr'><strong><em>βα</em></strong></span> <span class='ocrx_word' id='word_1_74' title='bbox 248 1289 308 1354; x_wconf 88' lang='grc' dir='ltr'><strong><em>καλ</em></strong></span> <span class='ocrx_word' id='word_1_75' title='bbox 327 1281 426 1352; x_wconf 85' lang='grc' dir='ltr'><strong><em>οὐπω</em></strong></span> <span class='ocrx_word' id='word_1_76' title='bbox 446 1283 558 1370; x_wconf 85' lang='grc' dir='ltr'><strong><em>πάγχυ</em></strong></span> <span class='ocrx_word' id='word_1_77' title='bbox 576 1289 672 1352; x_wconf 83' lang='grc' dir='ltr'><strong><em>δίδου</em></strong></span> <span class='ocrx_word' id='word_1_78' title='bbox 690 1283 865 1368; x_wconf 79' lang='grc' dir='ltr'><strong><em>ἑτεραλκέα</em></strong></span> <span class='ocrx_word' id='word_1_79' title='bbox 882 1290 988 1373; x_wconf 90' lang='grc' dir='ltr'><strong><em>νίκην,</em></strong></span> 
     </span>
    </p>

    <p class='ocr_par' dir='ltr' id='par_1_9' title="bbox 69 1381 907 1470">
     <span class='ocr_line' id='line_1_13' title="bbox 69 1381 907 1470; baseline 0.001 -19"><span class='ocrx_word' id='word_1_80' title='bbox 69 1383 133 1453; x_wconf 83' lang='grc' dir='ltr'><strong><em>ὐλλ’</em></strong></span> <span class='ocrx_word' id='word_1_81' title='bbox 155 1384 201 1454; x_wconf 79' lang='grc' dir='ltr'><strong><em>ἔτ’</em></strong></span> <span class='ocrx_word' id='word_1_82' title='bbox 221 1383 290 1470; x_wconf 80' lang='grc' dir='ltr'><strong><em>ἄρα</em></strong></span> <span class='ocrx_word' id='word_1_83' title='bbox 310 1383 456 1463; x_wconf 86' lang='grc' dir='ltr'><strong><em>σθένεός</em></strong></span> <span class='ocrx_word' id='word_1_84' title='bbox 473 1407 510 1451; x_wconf 91' lang='grc' dir='ltr'><strong><em>τε</em></strong></span> <span class='ocrx_word' id='word_1_85' title='bbox 528 1385 584 1452; x_wconf 77' lang='grc' dir='ltr'><strong><em>καί</em></strong></span> <span class='ocrx_word' id='word_1_86' title='bbox 601 1381 705 1470; x_wconf 86' lang='grc' dir='ltr'><strong><em>άλκῆς</em></strong></span> <span class='ocrx_word' id='word_1_87' title='bbox 723 1384 907 1470; x_wconf 73' lang='grc' dir='ltr'><strong><em>πειρήτιζεν</em></strong></span> 
     </span>
    </p>

    <p class='ocr_par' dir='ltr' id='par_1_10' title="bbox 70 1480 754 1570">
     <span class='ocr_line' id='line_1_14' title="bbox 70 1480 754 1570; baseline -0.006 -20"><span class='ocrx_word' id='word_1_88' title='bbox 70 1481 147 1570; x_wconf 81' lang='grc' dir='ltr'><strong><em>ήμὲν</em></strong></span> <span class='ocrx_word' id='word_1_89' title='bbox 165 1481 362 1569; x_wconf 83' lang='grc' dir='ltr'><strong><em>Ὀδυσσῆος·</em></strong></span> <span class='ocrx_word' id='word_1_90' title='bbox 373 1480 431 1569; x_wconf 76' lang='grc' dir='ltr'><strong><em>ἠδ’</em></strong></span> <span class='ocrx_word' id='word_1_91' title='bbox 449 1486 532 1550; x_wconf 82' lang='grc' dir='ltr'><strong><em>υίοῦ</em></strong></span> <span class='ocrx_word' id='word_1_92' title='bbox 548 1486 754 1568; x_wconf 89' lang='grc' dir='ltr'><strong><em>κυδαλίμοιο.</em></strong></span> 
     </span>
    </p>

    <p class='ocr_par' dir='ltr' id='par_1_11' title="bbox 68 1579 908 1672">
     <span class='ocr_line' id='line_1_15' title="bbox 68 1579 908 1672; baseline -0.002 -22"><span class='ocrx_word' id='word_1_93' title='bbox 68 1582 148 1672; x_wconf 88' lang='grc' dir='ltr'><strong><em>αὐτῆ</em></strong></span> <span class='ocrx_word' id='word_1_94' title='bbox 173 1581 206 1652; x_wconf 86' lang='grc' dir='ltr'><strong><em>δ’</em></strong></span> <span class='ocrx_word' id='word_1_95' title='bbox 228 1581 454 1661; x_wconf 78' lang='grc' dir='ltr'><strong><em>αἰθαλόεντος</em></strong></span> <span class='ocrx_word' id='word_1_96' title='bbox 472 1579 539 1648; x_wconf 77' lang='grc' dir='ltr'><strong><em>άλιά</em></strong></span> <span class='ocrx_word' id='word_1_97' title='bbox 559 1581 718 1667; x_wconf 87' lang='grc' dir='ltr'><strong><em>μεγάροιο</em></strong></span> <span class='ocrx_word' id='word_1_98' title='bbox 738 1584 908 1668; x_wconf 74' lang='grc' dir='ltr'><strong><em>μέλαθρον</em></strong></span> 
     </span>
    </p>

    <p class='ocr_par' dir='ltr' id='par_1_12' title="bbox 69 1679 1033 1868">
     <span class='ocr_line' id='line_1_16' title="bbox 69 1679 1033 1768; baseline 0.003 -20"><span class='ocrx_word' id='word_1_99' title='bbox 69 1679 139 1763; x_wconf 79' lang='grc' dir='ltr'><strong><em>ἕζετ’</em></strong></span> <span class='ocrx_word' id='word_1_100' title='bbox 161 1679 347 1768; x_wconf 80' lang='grc' dir='ltr'><strong><em>ἀναΐξασα,</em></strong></span> <span class='ocrx_word' id='word_1_101' title='bbox 368 1680 516 1766; x_wconf 81' lang='grc' dir='ltr'><strong><em>χελιδόνι</em></strong></span> <span class='ocrx_word' id='word_1_102' title='bbox 534 1685 643 1766; x_wconf 74' lang='grc' dir='ltr'><strong><em>εἰκέλη</em></strong></span> <span class='ocrx_word' id='word_1_103' title='bbox 662 1679 774 1767; x_wconf 75' lang='grc' dir='ltr'><strong><em>ἄντην.</em></strong></span> <span class='ocrx_word' id='word_1_104' title='bbox 982 1697 1033 1751; x_wconf 72' lang='lat'><strong><em>240</em></strong></span> 
     </span>
     <span class='ocr_line' id='line_1_17' title="bbox 105 1776 976 1868; baseline -0.002 -18"><span class='ocrx_word' id='word_1_105' title='bbox 105 1788 322 1868; x_wconf 90' lang='grc' dir='ltr'><strong><em>Μνηστῆρας</em></strong></span> <span class='ocrx_word' id='word_1_106' title='bbox 342 1776 374 1846; x_wconf 88' lang='grc' dir='ltr'><strong><em>δ’</em></strong></span> <span class='ocrx_word' id='word_1_107' title='bbox 396 1777 527 1866; x_wconf 74' lang='grc' dir='ltr'><strong><em>ὤτρυνε</em></strong></span> <span class='ocrx_word' id='word_1_108' title='bbox 545 1784 800 1866; x_wconf 85' lang='grc' dir='ltr'><strong><em>Δαμαστορίδης</em></strong></span> <span class='ocrx_word' id='word_1_109' title='bbox 814 1777 976 1866; x_wconf 80' lang='grc' dir='ltr'><strong><em>Ἀγέλαος,</em></strong></span> 
     </span>
    </p>

    <p class='ocr_par' dir='ltr' id='par_1_13' title="bbox 67 1876 970 1968">
     <span class='ocr_line' id='line_1_18' title="bbox 67 1876 970 1968; baseline -0.003 -16"><span class='ocrx_word' id='word_1_110' title='bbox 67 1879 269 1968; x_wconf 80' lang='grc' dir='ltr'><strong><em>Εὐρύνομός</em></strong></span> <span class='ocrx_word' id='word_1_111' title='bbox 287 1905 324 1947; x_wconf 85' lang='grc' dir='ltr'><strong><em>τε</em></strong></span> <span class='ocrx_word' id='word_1_112' title='bbox 343 1883 401 1948; x_wconf 83' lang='grc' dir='ltr'><strong><em>καλ</em></strong></span> <span class='ocrx_word' id='word_1_113' title='bbox 417 1876 629 1966; x_wconf 78' lang='grc' dir='ltr'><strong><em>Ἀμφιμέδων</em></strong></span> <span class='ocrx_word' id='word_1_114' title='bbox 647 1880 907 1968; x_wconf 83' lang='grc' dir='ltr'><strong><em>Δημοπτόλεμός</em></strong></span> <span class='ocrx_word' id='word_1_115' title='bbox 923 1907 970 1963; x_wconf 86' lang='grc' dir='ltr'><strong><em>τε,</em></strong></span> 
     </span>
    </p>
   </div>
   <div class='ocr_carea' id='block_1_8' title="bbox 9 1977 1009 2068">
    <p class='ocr_par' dir='ltr' id='par_1_14' title="bbox 9 1977 1009 2068">
     <span class='ocr_line' id='line_1_19' title="bbox 9 1977 1009 2068; baseline 0.001 -19"><span class='ocrx_word' id='word_1_116' title='bbox 9 2043 10 2050; x_wconf 75' lang='grc'>,</span> <span class='ocrx_word' id='word_1_117' title='bbox 66 1977 275 2066; x_wconf 82' lang='grc' dir='ltr'><strong><em>Πείσανδρός</em></strong></span> <span class='ocrx_word' id='word_1_118' title='bbox 292 2004 330 2046; x_wconf 85' lang='grc' dir='ltr'><strong><em>τε</em></strong></span> <span class='ocrx_word' id='word_1_119' title='bbox 348 1984 601 2066; x_wconf 84' lang='grc' dir='ltr'><strong><em>Πολυκτορίδης</em></strong></span> <span class='ocrx_word' id='word_1_120' title='bbox 616 1979 772 2067; x_wconf 89' lang='grc' dir='ltr'><strong><em>Πόλυβός</em></strong></span> <span class='ocrx_word' id='word_1_121' title='bbox 789 2007 825 2049; x_wconf 88' lang='grc' dir='ltr'><strong><em>τε</em></strong></span> <span class='ocrx_word' id='word_1_122' title='bbox 844 1985 1009 2068; x_wconf 84' lang='grc' dir='ltr'><strong><em>δαίφρων·</em></strong></span> 
     </span>
    </p>
   </div>
   <div class='ocr_carea' id='block_1_9' title="bbox 67 2075 1027 2265">
    <p class='ocr_par' dir='ltr' id='par_1_15' title="bbox 67 2075 1027 2265">
     <span class='ocr_line' id='line_1_20' title="bbox 67 2075 883 2167; baseline -0.001 -19"><span class='ocrx_word' id='word_1_123' title='bbox 67 2085 96 2148; x_wconf 84' lang='grc' dir='ltr'><strong><em>οἱ</em></strong></span> <span class='ocrx_word' id='word_1_124' title='bbox 111 2076 178 2166; x_wconf 81' lang='grc' dir='ltr'><strong><em>γάρ</em></strong></span> <span class='ocrx_word' id='word_1_125' title='bbox 198 2077 409 2166; x_wconf 83' lang='grc' dir='ltr'><strong><em>μνηστήρων</em></strong></span> <span class='ocrx_word' id='word_1_126' title='bbox 426 2075 529 2167; x_wconf 85' lang='grc' dir='ltr'><strong><em>άρετῆ</em></strong></span> <span class='ocrx_word' id='word_1_127' title='bbox 546 2083 628 2145; x_wconf 80' lang='grc' dir='ltr'><strong><em>ἔσαν</em></strong></span> <span class='ocrx_word' id='word_1_128' title='bbox 647 2077 726 2166; x_wconf 77' lang='grc' dir='ltr'><strong><em>ἔξοχ’</em></strong></span> <span class='ocrx_word' id='word_1_129' title='bbox 746 2079 883 2165; x_wconf 75' lang='grc' dir='ltr'><strong><em>ἄριστοι,</em></strong></span> 
     </span>
     <span class='ocr_line' id='line_1_21' title="bbox 67 2172 1027 2265; baseline 0.003 -19"><span class='ocrx_word' id='word_1_130' title='bbox 67 2177 157 2246; x_wconf 81' lang='grc' dir='ltr'><strong><em>ὅσσοι</em></strong></span> <span class='ocrx_word' id='word_1_131' title='bbox 176 2172 220 2245; x_wconf 82' lang='grc' dir='ltr'><strong><em>ἔτ’</em></strong></span> <span class='ocrx_word' id='word_1_132' title='bbox 241 2180 348 2256; x_wconf 79' lang='grc' dir='ltr'><strong><em>ἔζωον</em></strong></span> <span class='ocrx_word' id='word_1_133' title='bbox 366 2183 448 2262; x_wconf 87' lang='grc' dir='ltr'><strong><em>περί</em></strong></span> <span class='ocrx_word' id='word_1_134' title='bbox 462 2202 498 2244; x_wconf 91' lang='grc' dir='ltr'><strong><em>τε</em></strong></span> <span class='ocrx_word' id='word_1_135' title='bbox 516 2179 651 2263; x_wconf 78' lang='grc' dir='ltr'><strong><em>ψυχέων</em></strong></span> <span class='ocrx_word' id='word_1_136' title='bbox 669 2179 843 2265; x_wconf 79' lang='grc' dir='ltr'><strong><em>ἐμάχοντο·</em></strong></span> <span class='ocrx_word' id='word_1_137' title='bbox 976 2195 1027 2251; x_wconf 73' lang='grc'><strong><em>246</em></strong></span> 
     </span>
    </p>
   </div>
   <div class='ocr_carea' id='block_1_10' title="bbox 8 2273 1033 2566">
    <p class='ocr_par' dir='ltr' id='par_1_16' title="bbox 8 2273 1033 2566">
     <span class='ocr_line' id='line_1_22' title="bbox 8 2273 840 2364; baseline 0.012 -28"><span class='ocrx_word' id='word_1_138' title='bbox 8 2279 10 2336; x_wconf 73' lang='grc' dir='ltr'>ἒ</span> <span class='ocrx_word' id='word_1_139' title='bbox 68 2274 139 2356; x_wconf 85' lang='grc' dir='ltr'><strong><em>τούς</em></strong></span> <span class='ocrx_word' id='word_1_140' title='bbox 156 2273 189 2344; x_wconf 86' lang='grc' dir='ltr'><strong><em>δ’</em></strong></span> <span class='ocrx_word' id='word_1_141' title='bbox 206 2273 275 2363; x_wconf 87' lang='grc' dir='ltr'><strong><em>ήδη</em></strong></span> <span class='ocrx_word' id='word_1_142' title='bbox 291 2274 463 2361; x_wconf 82' lang='grc' dir='ltr'><strong><em>ἐδάμασσε</em></strong></span> <span class='ocrx_word' id='word_1_143' title='bbox 477 2274 550 2363; x_wconf 83' lang='grc' dir='ltr'><strong><em>βιός</em></strong></span> <span class='ocrx_word' id='word_1_144' title='bbox 564 2281 620 2344; x_wconf 86' lang='grc' dir='ltr'><strong><em>καλ</em></strong></span> <span class='ocrx_word' id='word_1_145' title='bbox 634 2281 774 2364; x_wconf 89' lang='grc' dir='ltr'><strong><em>ταρφέες</em></strong></span> <span class='ocrx_word' id='word_1_146' title='bbox 788 2283 840 2346; x_wconf 84' lang='grc' dir='ltr'><strong><em>λοί.</em></strong></span> 
     </span>
     <span class='ocr_line' id='line_1_23' title="bbox 9 2371 1033 2463; baseline 0.005 -21"><span class='ocrx_word' id='word_1_147' title='bbox 9 2371 10 2384; x_wconf 63' lang='grc'><strong><em>’</em></strong></span> <span class='ocrx_word' id='word_1_148' title='bbox 68 2390 128 2456; x_wconf 80' lang='grc' dir='ltr'><strong><em>τοῖς</em></strong></span> <span class='ocrx_word' id='word_1_149' title='bbox 143 2375 177 2448; x_wconf 88' lang='grc' dir='ltr'><strong><em>δ’</em></strong></span> <span class='ocrx_word' id='word_1_150' title='bbox 186 2371 348 2462; x_wconf 84' lang='grc' dir='ltr'><strong><em>Ἀγέλεως</em></strong></span> <span class='ocrx_word' id='word_1_151' title='bbox 362 2379 549 2462; x_wconf 82' lang='grc' dir='ltr'><strong><em>μετέειπεν,</em></strong></span> <span class='ocrx_word' id='word_1_152' title='bbox 568 2382 646 2457; x_wconf 79' lang='grc' dir='ltr'><strong><em>ἔπος</em></strong></span> <span class='ocrx_word' id='word_1_153' title='bbox 655 2378 815 2445; x_wconf 87' lang='grc' dir='ltr'><strong><em>πάντεσσι</em></strong></span> <span class='ocrx_word' id='word_1_154' title='bbox 825 2378 1033 2463; x_wconf 82' lang='grc' dir='ltr'><strong><em>πιφαύσκων,</em></strong></span> 
     </span>
     <span class='ocr_line' id='line_1_24' title="bbox 103 2469 991 2566; baseline 0 -21"><span class='ocrx_word' id='word_1_155' title='bbox 103 2469 160 2564; x_wconf 68' lang='lat'><strong><em>„⁹32</em></strong></span> <span class='ocrx_word' id='word_1_156' title='bbox 179 2482 292 2563; x_wconf 88' lang='grc' dir='ltr'><strong><em>φίλοι,</em></strong></span> <span class='ocrx_word' id='word_1_157' title='bbox 310 2473 376 2562; x_wconf 84' lang='grc' dir='ltr'><strong><em>ήδη</em></strong></span> <span class='ocrx_word' id='word_1_158' title='bbox 395 2475 508 2562; x_wconf 89' lang='grc' dir='ltr'><strong><em>σχήσει</em></strong></span> <span class='ocrx_word' id='word_1_159' title='bbox 524 2473 611 2564; x_wconf 85' lang='grc' dir='ltr'><strong><em>άνῆρ</em></strong></span> <span class='ocrx_word' id='word_1_160' title='bbox 629 2475 686 2545; x_wconf 88' lang='grc' dir='ltr'><strong><em>ὅδε</em></strong></span> <span class='ocrx_word' id='word_1_161' title='bbox 701 2489 811 2566; x_wconf 80' lang='grc' dir='ltr'><strong><em>χεῖρας</em></strong></span> <span class='ocrx_word' id='word_1_162' title='bbox 829 2475 991 2558; x_wconf 86' lang='grc' dir='ltr'><strong><em>α’άπτους·</em></strong></span> 
     </span>
    </p>
   </div>
   <div class='ocr_carea' id='block_1_11' title="bbox 64 2575 1089 3467">
    <p class='ocr_par' dir='ltr' id='par_1_17' title="bbox 68 2575 939 2664">
     <span class='ocr_line' id='line_1_25' title="bbox 68 2575 939 2664; baseline 0.005 -22"><span class='ocrx_word' id='word_1_163' title='bbox 68 2578 115 2644; x_wconf 79' lang='grc' dir='ltr'><strong><em>καὶ</em></strong></span> <span class='ocrx_word' id='word_1_164' title='bbox 131 2575 172 2663; x_wconf 89' lang='grc' dir='ltr'><strong><em>δή</em></strong></span> <span class='ocrx_word' id='word_1_165' title='bbox 190 2579 226 2643; x_wconf 88' lang='grc' dir='ltr'><strong><em>οί</em></strong></span> <span class='ocrx_word' id='word_1_166' title='bbox 242 2575 391 2662; x_wconf 82' lang='grc' dir='ltr'><strong><em>Μέντωρ</em></strong></span> <span class='ocrx_word' id='word_1_167' title='bbox 409 2575 472 2661; x_wconf 78' lang='grc' dir='ltr'><strong><em>μέν</em></strong></span> <span class='ocrx_word' id='word_1_168' title='bbox 490 2581 549 2664; x_wconf 81' lang='grc' dir='ltr'><strong><em>ἒβη</em></strong></span> <span class='ocrx_word' id='word_1_169' title='bbox 566 2575 648 2644; x_wconf 82' lang='grc' dir='ltr'><strong><em>κενά</em></strong></span> <span class='ocrx_word' id='word_1_170' title='bbox 664 2575 810 2663; x_wconf 79' lang='grc' dir='ltr'><strong><em>εὔγματα</em></strong></span> <span class='ocrx_word' id='word_1_171' title='bbox 827 2577 939 2664; x_wconf 80' lang='grc' dir='ltr'><strong><em>είπάν,</em></strong></span> 
     </span>
    </p>

    <p class='ocr_par' dir='ltr' id='par_1_18' title="bbox 67 2673 1022 2765">
     <span class='ocr_line' id='line_1_26' title="bbox 67 2673 1022 2765; baseline 0.009 -25"><span class='ocrx_word' id='word_1_172' title='bbox 67 2678 95 2741; x_wconf 88' lang='grc' dir='ltr'><strong><em>οί</em></strong></span> <span class='ocrx_word' id='word_1_173' title='bbox 107 2673 140 2742; x_wconf 87' lang='grc' dir='ltr'><strong><em>δ’</em></strong></span> <span class='ocrx_word' id='word_1_174' title='bbox 161 2673 229 2742; x_wconf 80' lang='grc' dir='ltr'><strong><em>οἶοι</em></strong></span> <span class='ocrx_word' id='word_1_175' title='bbox 246 2678 420 2741; x_wconf 85' lang='grc' dir='ltr'><strong><em>λείπονται</em></strong></span> <span class='ocrx_word' id='word_1_176' title='bbox 436 2676 491 2743; x_wconf 83' lang='grc' dir='ltr'><strong><em>έπλ</em></strong></span> <span class='ocrx_word' id='word_1_177' title='bbox 508 2676 657 2764; x_wconf 66' lang='grc' dir='ltr'><strong><em>πραότητι</em></strong></span> <span class='ocrx_word' id='word_1_178' title='bbox 671 2675 829 2765; x_wconf 85' lang='grc' dir='ltr'><strong><em>θύρησιν.</em></strong></span> <span class='ocrx_word' id='word_1_179' title='bbox 970 2695 1022 2749; x_wconf 68' lang='lat'><strong><em>250</em></strong></span> 
     </span>
    </p>

    <p class='ocr_par' dir='ltr' id='par_1_19' title="bbox 67 2769 915 2866">
     <span class='ocr_line' id='line_1_27' title="bbox 67 2769 915 2866; baseline 0.007 -27"><span class='ocrx_word' id='word_1_180' title='bbox 67 2781 105 2862; x_wconf 77' lang='grc' dir='ltr'><strong><em>τῷ</em></strong></span> <span class='ocrx_word' id='word_1_181' title='bbox 121 2779 188 2842; x_wconf 84' lang='grc' dir='ltr'><strong><em>νῦν</em></strong></span> <span class='ocrx_word' id='word_1_182' title='bbox 205 2773 252 2859; x_wconf 85' lang='grc' dir='ltr'><strong><em>μή</em></strong></span> <span class='ocrx_word' id='word_1_183' title='bbox 271 2769 342 2858; x_wconf 76' lang='grc' dir='ltr'><strong><em>ἅμα</em></strong></span> <span class='ocrx_word' id='word_1_184' title='bbox 359 2771 481 2854; x_wconf 87' lang='grc' dir='ltr'><strong><em>πάντες</em></strong></span> <span class='ocrx_word' id='word_1_185' title='bbox 498 2773 616 2860; x_wconf 88' lang='grc' dir='ltr'><strong><em>άφίετε</em></strong></span> <span class='ocrx_word' id='word_1_186' title='bbox 633 2776 780 2862; x_wconf 83' lang='grc' dir='ltr'><strong><em>δούρατα</em></strong></span> <span class='ocrx_word' id='word_1_187' title='bbox 795 2775 915 2866; x_wconf 81' lang='grc' dir='ltr'><strong><em>μακρά,</em></strong></span> 
     </span>
    </p>

    <p class='ocr_par' dir='ltr' id='par_1_20' title="bbox 66 2868 1089 2963">
     <span class='ocr_line' id='line_1_28' title="bbox 66 2868 1089 2963; baseline 0.014 -24"><span class='ocrx_word' id='word_1_188' title='bbox 66 2868 126 2940; x_wconf 74' lang='grc' dir='ltr'><strong><em>ἄλλ’</em></strong></span> <span class='ocrx_word' id='word_1_189' title='bbox 145 2871 250 2960; x_wconf 77' lang='grc' dir='ltr'><strong><em>ἄγεθ’</em></strong></span> <span class='ocrx_word' id='word_1_190' title='bbox 268 2876 304 2940; x_wconf 76' lang='grc' dir='ltr'><strong><em>οἱ</em></strong></span> <span class='ocrx_word' id='word_1_191' title='bbox 312 2875 347 2952; x_wconf 72' lang='grc' dir='ltr'><strong><em>ἓξ</em></strong></span> <span class='ocrx_word' id='word_1_192' title='bbox 365 2882 502 2958; x_wconf 78' lang='grc' dir='ltr'><strong><em>πρῶτον</em></strong></span> <span class='ocrx_word' id='word_1_193' title='bbox 518 2872 715 2962; x_wconf 73' lang='grc' dir='ltr'><strong><em>ἀκοντίσατ’,</em></strong></span> <span class='ocrx_word' id='word_1_194' title='bbox 734 2884 772 2944; x_wconf 87' lang='grc' dir='ltr'><strong><em>αί</em></strong></span> <span class='ocrx_word' id='word_1_195' title='bbox 783 2879 824 2944; x_wconf 89' lang='grc' dir='ltr'><strong><em>κέ</em></strong></span> <span class='ocrx_word' id='word_1_196' title='bbox 835 2887 919 2946; x_wconf 85' lang='grc' dir='ltr'><strong><em>ποθι</em></strong></span> <span class='ocrx_word' id='word_1_197' title='bbox 934 2877 1020 2963; x_wconf 88' lang='grc' dir='ltr'><strong><em>Ζεύς</em></strong></span> <span class='ocrx_word' id='word_1_198' title='bbox 1085 2945 1089 2953; x_wconf 93' lang='grc'><strong><em>.</em></strong></span> 
     </span>
    </p>

    <p class='ocr_par' dir='ltr' id='par_1_21' title="bbox 66 2969 834 3062">
     <span class='ocr_line' id='line_1_29' title="bbox 66 2969 834 3062; baseline 0.012 -25"><span class='ocrx_word' id='word_1_199' title='bbox 66 2976 128 3060; x_wconf 86' lang='grc' dir='ltr'><strong><em>διιη</em></strong></span> <span class='ocrx_word' id='word_1_200' title='bbox 142 2969 312 3058; x_wconf 82' lang='grc' dir='ltr'><strong><em>Ὀδυσσῆα</em></strong></span> <span class='ocrx_word' id='word_1_201' title='bbox 328 2978 479 3060; x_wconf 77' lang='grc' dir='ltr'><strong><em>βλῆσθαι</em></strong></span> <span class='ocrx_word' id='word_1_202' title='bbox 495 2975 550 3042; x_wconf 79' lang='grc' dir='ltr'><strong><em>καλ</em></strong></span> <span class='ocrx_word' id='word_1_203' title='bbox 566 2979 669 3055; x_wconf 74' lang='grc' dir='ltr'><strong><em>κῦδος</em></strong></span> <span class='ocrx_word' id='word_1_204' title='bbox 684 2973 834 3062; x_wconf 88' lang='grc' dir='ltr'><strong><em>άρέσθαι.</em></strong></span> 
     </span>
    </p>

    <p class='ocr_par' dir='ltr' id='par_1_22' title="bbox 65 3067 1014 3272">
     <span class='ocr_line' id='line_1_30' title="bbox 65 3067 955 3171; baseline 0.015 -34"><span class='ocrx_word' id='word_1_205' title='bbox 65 3079 124 3138; x_wconf 77' lang='grc' dir='ltr'><strong><em>τῶν</em></strong></span> <span class='ocrx_word' id='word_1_206' title='bbox 141 3071 172 3139; x_wconf 90' lang='grc' dir='ltr'><strong><em>δ’</em></strong></span> <span class='ocrx_word' id='word_1_207' title='bbox 190 3069 307 3139; x_wconf 81' lang='grc' dir='ltr'><strong><em>ἄλλων</em></strong></span> <span class='ocrx_word' id='word_1_208' title='bbox 325 3069 369 3139; x_wconf 89' lang='grc' dir='ltr'><strong><em>οὐ</em></strong></span> <span class='ocrx_word' id='word_1_209' title='bbox 385 3078 497 3162; x_wconf 80' lang='grc' dir='ltr'><strong><em>κῆδος,</em></strong></span> <span class='ocrx_word' id='word_1_210' title='bbox 515 3073 600 3162; x_wconf 77' lang='grc' dir='ltr'><strong><em>ἐπῆν</em></strong></span> <span class='ocrx_word' id='word_1_211' title='bbox 616 3067 715 3156; x_wconf 83' lang='grc' dir='ltr'><strong><em>οὐτός</em></strong></span> <span class='ocrx_word' id='word_1_212' title='bbox 729 3103 768 3162; x_wconf 85' lang='grc' dir='ltr'><strong><em>γε</em></strong></span> <span class='ocrx_word' id='word_1_213' title='bbox 784 3081 955 3171; x_wconf 80' lang='grc' dir='ltr'><strong><em>πέσησιν.“</em></strong></span> 
     </span>
     <span class='ocr_line' id='line_1_31' title="bbox 93 3165 1014 3272; baseline 0.018 -34"><span class='ocrx_word' id='word_1_214' title='bbox 93 3165 149 3252; x_wconf 81' lang='grc' dir='ltr'><strong><em>Ὦς</em></strong></span> <span class='ocrx_word' id='word_1_215' title='bbox 159 3169 280 3259; x_wconf 79' lang='grc' dir='ltr'><strong><em>ἔφαθ’,</em></strong></span> <span class='ocrx_word' id='word_1_216' title='bbox 299 3175 336 3240; x_wconf 83' lang='grc' dir='ltr'><strong><em>οί</em></strong></span> <span class='ocrx_word' id='word_1_217' title='bbox 343 3170 377 3240; x_wconf 86' lang='grc' dir='ltr'><strong><em>δ’</em></strong></span> <span class='ocrx_word' id='word_1_218' title='bbox 388 3172 455 3260; x_wconf 86' lang='grc' dir='ltr'><strong><em>άρα</em></strong></span> <span class='ocrx_word' id='word_1_219' title='bbox 464 3174 587 3253; x_wconf 86' lang='grc' dir='ltr'><strong><em>πάντες</em></strong></span> <span class='ocrx_word' id='word_1_220' title='bbox 597 3172 778 3246; x_wconf 84' lang='grc' dir='ltr'><strong><em>άκόντισαν</em></strong></span> <span class='ocrx_word' id='word_1_221' title='bbox 795 3176 838 3260; x_wconf 76' lang='grc' dir='ltr'><strong><em>ὡς</em></strong></span> <span class='ocrx_word' id='word_1_222' title='bbox 855 3185 1014 3272; x_wconf 78' lang='grc' dir='ltr'><strong><em>ἐκέλευεν,</em></strong></span> 
     </span>
    </p>

    <p class='ocr_par' dir='ltr' id='par_1_23' title="bbox 64 3271 1016 3368">
     <span class='ocr_line' id='line_1_32' title="bbox 64 3271 1016 3368; baseline 0.013 -31"><span class='ocrx_word' id='word_1_223' title='bbox 64 3273 193 3356; x_wconf 82' lang='grc' dir='ltr'><strong><em>ι’έμενοι·</em></strong></span> <span class='ocrx_word' id='word_1_224' title='bbox 210 3271 253 3340; x_wconf 84' lang='grc' dir='ltr'><strong><em>τά</em></strong></span> <span class='ocrx_word' id='word_1_225' title='bbox 272 3273 309 3341; x_wconf 70' lang='grc' dir='ltr'><strong><em>δὲ</em></strong></span> <span class='ocrx_word' id='word_1_226' title='bbox 326 3273 437 3342; x_wconf 88' lang='grc' dir='ltr'><strong><em>πάντα</em></strong></span> <span class='ocrx_word' id='word_1_227' title='bbox 456 3275 577 3344; x_wconf 84' lang='grc' dir='ltr'><strong><em>έτιόσια</em></strong></span> <span class='ocrx_word' id='word_1_228' title='bbox 592 3284 701 3362; x_wconf 86' lang='grc' dir='ltr'><strong><em>θῆκεν</em></strong></span> <span class='ocrx_word' id='word_1_229' title='bbox 713 3273 847 3368; x_wconf 79' lang='grc' dir='ltr'><strong><em>Ἀθήνη.</em></strong></span> <span class='ocrx_word' id='word_1_230' title='bbox 963 3301 1016 3358; x_wconf 73' lang='lat'><strong><em>256</em></strong></span> 
     </span>
    </p>

    <p class='ocr_par' dir='ltr' id='par_1_24' title="bbox 64 3370 863 3467">
     <span class='ocr_line' id='line_1_33' title="bbox 64 3370 863 3467; baseline 0.02 -32"><span class='ocrx_word' id='word_1_231' title='bbox 64 3377 123 3438; x_wconf 76' lang='grc' dir='ltr'><strong><em>τῶν</em></strong></span> <span class='ocrx_word' id='word_1_232' title='bbox 140 3370 244 3452; x_wconf 76' lang='grc' dir='ltr'><strong><em>ἄλλος</em></strong></span> <span class='ocrx_word' id='word_1_233' title='bbox 259 3373 324 3458; x_wconf 77' lang='grc' dir='ltr'><strong><em>μὲν</em></strong></span> <span class='ocrx_word' id='word_1_234' title='bbox 340 3373 495 3462; x_wconf 84' lang='grc' dir='ltr'><strong><em>σταθμόν</em></strong></span> <span class='ocrx_word' id='word_1_235' title='bbox 513 3378 693 3457; x_wconf 80' lang='grc' dir='ltr'><strong><em>ἐϋσταθέος</em></strong></span> <span class='ocrx_word' id='word_1_236' title='bbox 707 3379 863 3467; x_wconf 88' lang='grc' dir='ltr'><strong><em>μεγάροιο</em></strong></span> 
     </span>
    </p>
   </div>
   <div class='ocr_carea' id='block_1_12' title="bbox 65 3470 892 3634">
    <p class='ocr_par' dir='ltr' id='par_1_25' title="bbox 65 3470 892 3634">
     <span class='ocr_line' id='line_1_34' title="bbox 65 3470 892 3564; baseline 0.016 -28"><span class='ocrx_word' id='word_1_237' title='bbox 65 3472 225 3561; x_wconf 81' lang='grc' dir='ltr'><strong><em>βεβλήκει,</em></strong></span> <span class='ocrx_word' id='word_1_238' title='bbox 245 3470 348 3554; x_wconf 82' lang='grc' dir='ltr'><strong><em>άλλος</em></strong></span> <span class='ocrx_word' id='word_1_239' title='bbox 367 3477 403 3544; x_wconf 76' lang='grc' dir='ltr'><strong><em>δὲ</em></strong></span> <span class='ocrx_word' id='word_1_240' title='bbox 419 3475 534 3563; x_wconf 72' lang='grc' dir='ltr'><strong><em>θύρην</em></strong></span> <span class='ocrx_word' id='word_1_241' title='bbox 549 3485 697 3556; x_wconf 79' lang='grc' dir='ltr'><strong><em>πυκινῶς</em></strong></span> <span class='ocrx_word' id='word_1_242' title='bbox 714 3475 892 3564; x_wconf 79' lang='grc' dir='ltr'><strong><em>άραρνλαν·</em></strong></span> 
     </span>
     <span class='ocr_line' id='line_1_35' title="bbox 104 3569 811 3634; baseline 0.017 -16"><span class='ocrx_word' id='word_1_243' title='bbox 104 3569 208 3624; x_wconf 76' lang='lat' dir='ltr'>Homeri</span> <span class='ocrx_word' id='word_1_244' title='bbox 230 3570 368 3634; x_wconf 71' lang='lat' dir='ltr'><strong>Odyssea.</strong></span> <span class='ocrx_word' id='word_1_245' title='bbox 777 3579 811 3630; x_wconf 76' lang='grc' dir='ltr'><strong><em>’λδ</em></strong></span> 
     </span>
    </p>
   </div>
   <div class='ocr_carea' id='block_1_13' title="bbox 0 0 1234 3920">
    <p class='ocr_par' dir='ltr' id='par_1_26' title="bbox 0 0 1234 3920">
     <span class='ocr_line' id='line_1_36' title="bbox 0 0 1234 3920; baseline 0 1"><span class='ocrx_word' id='word_1_246' title='bbox 0 0 1234 3920; x_wconf 95' lang='lat' dir='ltr'><strong><em> </em></strong></span> 
     </span>
    </p>
   </div>
  </div>
 </body>
</html>
