2396 3914
210 269 272 336 174
507 271 799 330 ΟΔΤΣΣΕΙΑΣ
823 273 862 328 Λ.

208 432 264 500 καὶ
279 430 455 516 Μεγάρην,
472 434 651 512 Κρείοντος
667 424 878 512 ὑπερθύμοιο
894 428 1062 513 θύγατρα,

207 529 269 616 τὴν
285 535 359 615 έχεν
373 527 619 615 Ἀμφιτρύωνος
634 523 707 603 υίὸς
723 529 822 611 μένος
838 525 911 594 αίὲν
926 524 1067 613 ἀτειρής.
1111 539 1165 596 πο

249 629 388 713 Μητέρα
403 624 429 693 τ’
448 625 629 694 Οἰδιπόδαο
646 625 730 706 ίδον,
748 624 855 710 καλὴν
868 621 1077 710 Ἐπικάστην,

207 723 229 812 ἢ
245 728 327 811 μέγα
345 731 445 810 ἔργον
460 727 571 809 ἔρεξεν
587 719 750 810 ἀιδρείῃσι
765 723 871 804 νόοιο,

206 823 379 909 γημαμένη
395 813 425 911 ᾦ
439 823 519 888 υίεῑ·
540 817 557 886 ὁ
575 818 607 886 δ’
626 815 667 888 δυ
683 819 791 904 πατέρ’
810 825 996 904 ἐξεναρίξας

207 930 327 1008 γῆμεν·
350 920 441 1006 ἀφαρ
462 919 492 985 δ’
510 917 683 986 ἀνάπυστα
699 922 775 986 θεοὶ
790 925 899 987 θέσαν
916 918 1164 1002 ἀνθρώποισιν.

207 1021 278 1092 ἀλλ’
294 1019 312 1091 ὁ
334 1021 396 1108 μέν
410 1026 449 1090 έν
465 1021 560 1108 Θήβη
575 1021 773 1109 πολυηράτῳ
788 1019 891 1106 άλγεα
908 1020 1044 1105 πάσχοιεν
1111 1033 1164 1090 λλο

207 1126 386 1208 Καδμείων
400 1119 527 1208 ἤνασσε
541 1129 635 1189 θεοῖν
650 1119 749 1201 όλοάς
766 1121 821 1189 διά
839 1122 978 1208 βουλάς·

208 1219 228 1308 ἡ
248 1218 279 1288 δ’
297 1226 356 1308 έβη
375 1227 421 1300 είς
435 1219 543 1288 Ἀίδαο
561 1221 731 1304 πυλάρταο
749 1234 933 1305 κρατεροῖο,

208 1317 360 1406 ἁψαμένη
379 1307 503 1405 βρόχον
523 1317 626 1386 αίπύν
642 1317 698 1403 ἀφ’
716 1316 856 1405 ύιίνηλοῖο
874 1319 1061 1404 μελάθρου,
1150 1377 1154 1384 .

209 1409 237 1508 ᾦ
252 1416 325 1504 άχεῑ
338 1422 495 1504 σχομένη·
516 1424 562 1506 τῷ
580 1415 613 1484 δ’
629 1415 732 1502 ἀλγεα
749 1418 878 1486 κάλλιπ’
895 1416 1023 1486 ὀπίσσω
1076 1477 1081 1488 .

208 1514 313 1584 πολλά
331 1512 415 1600 μάλ’,
434 1513 518 1582 ὅσσα
536 1539 572 1582 τε
588 1514 710 1601 μητρός
722 1514 868 1601 Ἐρινύες
883 1519 1163 1584 έκτελέουσιτι.λθο

249 1615 313 1681 Καὶ
329 1621 463 1695 Χλῶριν
480 1611 569 1681 εἶδον
585 1620 792 1699 περικαλλέα,
809 1615 874 1700 τήν
890 1639 970 1682 ποτε
987 1612 1126 1700 Νηλεύς

208 1719 314 1798 γῆμεν
331 1711 387 1779 ἑόν
404 1711 458 1779 διά
474 1711 606 1794 κάλλος,
624 1717 694 1780 ἐπεὶ
711 1714 794 1798 πόρε
810 1721 913 1800 μυρία
929 1716 1020 1794 ἕδνα,

207 1809 393 1894 ὁπλοτάτην
408 1810 536 1894 κούρην
551 1809 728 1895 Ἀμφίονος
741 1809 892 1894 Ἰασίδαο,

206 1910 244 1987 ὅς
261 1910 331 1977 ποτ’
347 1912 384 1978 έν
398 1907 581 2000 Ὀρχομενῷ
596 1917 756 2001 Μινυηίφ
771 1911 823 1997 ἶφι
839 1911 1000 1979 ἀνασσεν·

206 2008 227 2094 ἡ
244 2011 279 2076 δὲ
295 2007 412 2077 Πύλου
427 2016 592 2094 βασίλευε,
609 2015 704 2078 τέκεν
721 2014 760 2079 δι’
774 2017 809 2078 οί
823 2009 930 2096 ἀγλαά
946 2015 1057 2094 τέκνα,
1111 2025 1161 2078 285

207 2107 359 2188 Νέστορά
375 2133 411 2173 τε
426 2115 576 2193 Χρομίον
592 2136 627 2176 τε
645 2109 900 2194 Περικλύμενόν
915 2106 938 2174 τ’
959 2107 1142 2193 ἀγέρωχον.
1190 2117 1191 2126 ’

205 2218 289 2272 τοῖσι
306 2203 337 2272 δ’
357 2203 405 2271 ἐπ’
423 2211 568 2291 ἰφθίμην
583 2207 687 2292 Πηρά
704 2211 788 2290 τέκε,
805 2216 923 2294 θαῦμα
942 2214 1127 2292 βροτοῖσιν,

205 2301 267 2390 τὴν
282 2301 402 2382 πάντες
416 2303 568 2389 μνάοντο
586 2311 780 2387 περικτίται·
803 2302 883 2374 οὐδέ
898 2334 928 2372 τι
944 2305 1080 2396 Νηλεύς

204 2410 249 2490 τῷ
267 2405 379 2470 έδίδου
396 2399 432 2481 δς
448 2402 492 2489 μὴ
510 2404 621 2482 ἕλικας
637 2406 719 2490 βόας
736 2403 994 2490 εύρυμετεόπους

203 2505 240 2568 εἰι
259 2503 415 2588 Φυλάκης
431 2505 557 2578 ἐλάσειε
574 2509 648 2588 βίης
660 2502 854 2590 Ἰφικληείης
1108 2516 1161 2572 290

203 2600 378 2686 ἀργαλέας·
399 2599 457 2680 τὰς
474 2600 505 2670 δ’
526 2601 594 2681 οἶος
609 2601 765 2688 ὑπέσχετο
784 2608 902 2688 μα’ντις
918 2599 1062 2688 ἀμύμων
1187 2665 1188 2679 ,

203 2699 352 2778 ἐξελάαν·
374 2698 495 2785 χαλεπὴ
515 2703 550 2770 δὲ
564 2709 650 2768 θεοῦ
667 2703 750 2768 κατά
767 2700 849 2788 μοῖρ’
869 2702 1039 2785 έπέδησεν,

203 2802 319 2882 δεσμοί
332 2793 356 2864 τ’
376 2796 531 2881 ἀργαλέοι
547 2802 602 2866 καὶ
618 2801 777 2883 βουκόλοι
793 2800 980 2886 ἀγροιῶται.

202 2895 272 2964 ἀλλ’
290 2894 347 2962 ὅτε
363 2893 404 2979 δὴ
422 2902 523 2982 μῆνές
537 2924 572 2964 τε
589 2901 644 2966 καὶ
661 2895 779 2984 ἡμέραι
794 2902 999 2979 ἐξετελεῦντο

201 2989 250 3066 ἀίι
266 2999 540 3081 περιτελλομένου
557 3002 646 3075 έτεος
663 2999 718 3064 καὶ
734 2998 909 3083 ἐπήλυθον
929 2989 1024 3079 όραι,
1106 3009 1157 3064 295
1185 3033 1186 3045 ι

200 3094 255 3159 καὶ
272 3093 346 3160 τότε
365 3095 406 3181 δή
423 3122 481 3180 μιν
497 3101 594 3163 ἔλυσε
610 3103 665 3180 βίη
680 3093 867 3182 Ἰφικληείη,

203 3195 352 3279 θέσφατα
369 3192 461 3262 πάντ’
481 3194 633 3261 εἰπόντα·
656 3192 740 3271 Διὸς
759 3191 791 3260 δ’
806 3195 963 3260 ἐτελείετο
981 3192 1100 3276 βουλή.
1184 3211 1185 3229 ¹

241 3295 307 3359 Καὶ
322 3292 438 3378 Λήδην
457 3291 557 3374 εἶδον,
577 3289 640 3376 τὴν
660 3294 853 3375 Τυνδαρέου
872 3289 1083 3374 παράκοιτιν,
1183 3343 1184 3374 ,

201 3388 223 3475 ἥ
240 3389 273 3474 ῥ’
289 3389 354 3458 ὑπὸ
377 3394 556 3478 Τυνδαρέῳ
572 3389 821 3474 κρατερόφρονε
838 3396 969 3474 γείνατο
987 3393 1097 3468 παῖδε,
1183 3375 1184 3411 ¹

203 3488 362 3573 Κάστορά
379 3489 414 3557 θ’
425 3489 614 3572 ίππόδαμον
632 3491 687 3553 καὶ
705 3486 769 3559 πύξ
786 3484 920 3573 ἀγαθόν
934 3487 1164 3566 Πολυδεύκεα,
1182 3515 1183 3595 η

1179 3823 1181 3889 λ
