2396 3914
193 251 256 318 24⁶
493 241 790 314 ὀλνεεττπε
816 256 851 314 ο.

195 412 300 499 αῦτάρ
319 419 393 484 έπεί
408 413 441 503 β’
461 411 592 501 ὄμοσάν
610 441 645 482 τε
663 414 865 502 τελεύτησάν
883 441 919 484 τε
938 407 999 483 τόν
1017 412 1126 503 ὅρκον,

194 529 260 594 τοῖς
279 512 311 582 δ’
332 507 424 594 αὖτις
443 515 590 601 μετέειπε
608 511 695 600 γυνή
715 516 771 582 καί
789 512 940 601 ἀμείβετο
960 513 1062 603 μῦθφ

174 621 281 704 ’”σιγῇ
291 625 368 705 νῦν,
390 612 436 700 μή
455 619 502 692 τίς
520 640 561 699 με
580 610 800 695 προσαυδάτω
820 613 972 680 ἐπέεσσιν
1097 627 1144 680 444)

193 710 363 800 ὑμετέρων
383 713 525 800 ἑτάρων,
546 712 774 800 ξυμβλήμενος
791 706 814 798 ἦ
832 715 870 778 ἐν
884 709 998 798 ἀγυιῇ,

193 811 216 898 ἥ
235 837 301 880 που
320 814 373 880 ἐπὶ
392 811 515 898 κρήνη·
534 812 580 898 μή
599 837 648 890 τις
666 813 742 879 ποτὶ
760 816 854 898 δεῖμα
872 813 1005 897 γέροντι

193 910 305 982 ἐλθών
325 915 450 998 έξείπη,
470 907 489 978 ὁ
511 908 544 978 δ’
564 908 740 997 ὀϊσάμενος
758 910 928 998 καταδήσῃ

193 1017 304 1100 δεσμῷ
322 1012 360 1078 έν
379 1005 546 1100 ἀργαλέην,
566 1007 647 1097 ῦμϊν
666 1007 699 1077 δ’
719 1007 930 1098 ἐπιφράσσετ’
950 1008 1105 1096 ὄλεθρον.

192 1110 262 1180 ἀλλ’
279 1106 355 1196 ἔχετ’
377 1113 414 1179 έν
431 1110 530 1196 φρεσὶ
545 1115 669 1196 μῦθον,
690 1112 832 1194 έπεῦγετε
849 1107 881 1177 δ’
904 1100 995 1177 ἀνον
1014 1105 1141 1177 ὁδαίων.

191 1209 258 1279 ἀλλ’
281 1210 336 1279 ὅτε
355 1235 415 1278 κεν
434 1207 474 1294 δή
495 1214 578 1294 νηῦς
596 1213 691 1295 πλείη
711 1209 836 1294 βιότοιο
855 1211 1001 1294 γένηται,
1098 1221 1143 1274 446

191 1309 324 1396 ἀγγελίη
344 1335 401 1395 μοι
419 1313 530 1376 ἔπειτα
548 1315 640 1387 θοάς
658 1308 691 1386 ές
710 1303 843 1393 δείμαθ’-
858 1308 998 1375 ἱκέσθω·

193 1419 274 1478 οίσω
293 1404 357 1492 γάρ
377 1408 433 1474 καὶ
450 1403 593 1492 χρυσὸν,
614 1405 683 1484 ὅτις
701 1403 728 1491 χ’
747 1403 934 1492 ὑποχείριος
952 1403 1055 1494 ἔλθη·

192 1508 248 1575 καί
267 1508 307 1573 δέ
321 1531 381 1572 κεν
399 1502 469 1572 ἀλλ’
490 1507 677 1592 ἐπίβαθρον
696 1501 784 1590 έγάν
799 1506 967 1574 ἐθέλουσά
985 1533 1026 1592 γε
1046 1511 1141 1592 δοίην.

192 1610 294 1676 παῖδα
313 1606 377 1692 γάρ
394 1602 518 1693 ἀνδρός
536 1607 611 1692 έῆος
629 1607 679 1672 ἐνὶ
698 1604 855 1691 μεγάροις
874 1603 1049 1692 ἀτιτάλλω,
1098 1619 1143 1672 450

191 1707 372 1790 κερδαλέον
392 1702 431 1790 δή
451 1717 553 1792 τοῖον,
567 1704 636 1791 ἅμα
645 1704 834 1790 τροχόωντα
852 1701 994 1788 θῦραζε·

190 1803 251 1872 τόν
269 1829 329 1872 κεν
347 1799 451 1888 ἄγοιμ’
473 1806 526 1871 ἐπὶ
545 1799 641 1889 νηὸς,
662 1799 679 1870 ὁ
700 1800 730 1870 δ’
753 1799 833 1888 ὑμίν
852 1807 976 1888 μυρίον
995 1793 1088 1872 οἶνον

189 1902 310 1990 ἀλφοι,
330 1901 397 1990 ὅπη
415 1901 578 1987 περάσητε
596 1898 663 1969 κατ’
681 1899 892 1985 ἀλλοθρόους
911 1898 1139 1987 ἀνθρώπους]

233 2001 273 2070 ‘H
289 2005 351 2089 μέν
369 1999 420 2086 ἀρ’
442 1997 485 2080 ἀς
504 1999 634 2070 είποῦσ’
653 1998 760 2087 ἀπέβη
776 1996 861 2088 πρὸς
877 1998 1014 2085 δόματα
1033 1996 1127 2084 καλά,

190 2106 224 2170 οί
242 2100 273 2170 δ’
294 2097 450 2168 ἐνιαυτόν
468 2097 599 2167 ἅπαντα
618 2096 692 2183 παρ’
711 2096 792 2185 ήμῑν
811 2091 896 2165 αὖθι
914 2099 1076 2182 μένοντες
1096 2111 1142 2164 455

189 2203 228 2268 ἐν
246 2205 303 2286 νηῒ
320 2204 479 2286 γλαφυρῇ
498 2204 613 2284 βίοτον
631 2194 740 2265 πολῦν
758 2195 982 2282 ἐμπολόωντο.

187 2295 257 2366 ἀλλ’
277 2295 333 2365 ὅτε
352 2295 393 2382 δή
413 2303 507 2383 κοίλη
527 2303 610 2382 νηῦς
628 2294 750 2383 ἤχθετο
768 2307 855 2363 τοῖσι
872 2298 1023 2382 νέεσθαι,

188 2397 245 2464 καὶ
263 2391 327 2464 τότ’
349 2393 398 2479 ἀρ’
421 2394 564 2481 ἀγγελον
582 2389 687 2482 ἧκαν,
705 2391 742 2474 ὃς
759 2392 921 2480 ἀγγείλειε
940 2400 1087 2480 γυναικί.

187 2492 293 2582 ἤλυθ’
313 2493 399 2581 ἀνὴρ
419 2493 591 2582 πολύιδρις
610 2498 693 2580 ἐμοῦ
711 2491 797 2578 πρὸς
815 2495 951 2581 δόματα
967 2491 1096 2581 πατρός

187 2593 331 2680 χρῦσεον
346 2593 453 2680 ὅρμον
469 2599 570 2680 έχων,
590 2591 671 2680 μετὰ
688 2591 718 2660 δ’
740 2591 950 2679 ἠλέκτροισιν
970 2597 1073 2678 ἐερτο.
1095 2607 1143 2660 460

187 2691 325 2778 τὸνμὲν
344 2691 392 2776 ἀρ’
414 2695 453 2760 ἐν
471 2693 604 2782 μεγάρῳ
624 2694 731 2779 δμωαί
749 2693 805 2760 καὶ
824 2691 945 2758 πότνια
964 2691 1077 2778 μήτηρ

83 2820 85 2824 ⁴
186 2798 300 2878 χερσίν
318 2789 343 2857 τ’
363 2788 592 2875 ἀμφαφόωντο
612 2793 668 2860 καί
687 2787 915 2878 ὀφθαλμοῖσιν
933 2787 1077 2876 ὁρῶντο,

189 2881 278 2954 ὦνον
297 2887 522 2972 ἐπισχόμεναι·
543 2886 561 2958 ὁ
582 2890 618 2958 δέ
636 2897 677 2978 τῇ
696 2892 876 2958 κατένευσε
895 2896 1016 2978 σιωπῇ.

186 3011 260 3104 ητοι
278 2982 297 3052 ὁ
316 2985 502 3067 καννεύσας
518 2994 635 3076 κοίλην
653 2991 706 3057 ἐπὶ
725 3015 789 3076 νηα
808 2988 955 3077 βεβήκει,

186 3079 207 3166 ἡ
227 3081 260 3149 δ’
280 3084 336 3168 ἐμὲ
354 3082 463 3170 χειρός
482 3087 602 3156 ελοῦσα
621 3088 748 3174 δόμων
754 3091 848 3174 ἐξῆγε
867 3089 1005 3172 θύραζε.
1094 3102 1142 3156 465

187 3169 265 3262 εὗρε
284 3179 315 3246 δ’
338 3183 387 3250 ἐνί
407 3184 563 3276 προδόμῳ
582 3185 666 3273 ήμέν
685 3191 768 3254 δέπα
785 3185 846 3283 ήδε
864 3190 1025 3273 τραπέζας

186 3275 322 3364 ἀνδροῖν
342 3283 621 3370 δαιτυμόνων,“
587 3311 619 3353 οι
637 3312 701 3372 μευ
719 3285 872 3372 πατέρ’
851 3291 1095 3373 ομφεπένοντο.

186 3374 220 3440 ολ
236 3376 338 3458 m*
316 3375 366 3461 αρ’
387 3383 419 3457 ἐς
438 3389 556 3449 θῦνον
574 3382 761 3472 πρόμολον,
782 3385 902 3472 δήμοιό
922 3413 958 3454 τε
974 3395 1093 3474 φῆμιν,

188 3465 259 3551 ἡδ’
279 3472 359 3553 αἶψα
376 3476 443 3562 τρί’
463 3477 576 3548 ἀλεισα
595 3480 826 3598 κατακράγασ
849 3481 915 3586 ῦπδ
935 3483 1053 3575 κόλπῳ
