2492 3922
404 237 700 300 ΟΛΤΣΣΕΙΑΣ
717 243 739 301 Ι.
1033 247 1051 305 9

73 391 163 483 οἶον,
182 395 261 464 ἐπεί
279 396 324 463 νύ
343 421 401 483 μοι
420 395 506 464 ἄλλα
524 399 601 466 θεοὶ
620 397 708 468 κακά
727 399 821 488 κήδε’
841 407 987 484 ἔτευξαν.

73 489 173 562 ὅσσοι
190 496 260 580 γάρ
281 495 438 583 νήσοισιν
457 497 710 583 ἐπικρατέουσιν
729 497 869 587 ἀριστοι,
1000 517 1051 572 24⁵

72 599 250 683 Δουλιχίῳ
271 621 308 662 τε
327 594 431 683 Σάμη
450 620 486 662 τε
505 596 561 663 καὶ
579 592 718 682 ὑλήεντι
737 600 919 690 Ζακύνθῳ,

72 688 131 777 ἡδ’
152 690 254 760 ὅσσοι
274 692 431 780 κραναὴν
446 691 584 780 Ἰθάκην
603 695 686 762 κάτα
706 700 951 785 κοιρανέουσιν,

73 789 195 857 τόσσοι
213 791 328 878 μητέρ’
348 791 435 879 ἐμήν
453 801 613 880 μνῶνται,
634 795 795 881 τρύχουσι
815 799 852 868 δέ
872 798 967 867 οἶκον

75 887 95 974 ή
115 885 150 955 δ’
172 886 245 957 οὔτ’
267 888 418 975 ἀρνεῖται
437 889 603 978 στυγερόν
621 893 733 979 γάμον
752 894 831 964 οὔτε
850 897 1009 982 τελευτήν

75 993 217 1073 ποιῆσαι
237 987 396 1056 δύναται·
417 992 469 1058 τοί
488 989 524 1058 δέ
544 991 785 1076 φθινύθουσιν
804 999 936 1076 ἔδοντες
998 1010 1050 1063 250

76 1083 173 1154 οἷκον
193 1085 292 1172 ἐμόν·
313 1087 399 1173 τάχα
419 1089 462 1174 δή
480 1113 522 1175 με
542 1094 775 1177 διαρραίσουσι
793 1093 849 1161 καί
868 1090 1008 1162 αύτόν.“

118 1183 193 1254 Τόν
212 1184 244 1254 δ’
267 1186 525 1274 ἐπαλαστήσασα
544 1189 720 1275 προσηύδα
739 1189 876 1270 Παλλὰς
892 1189 1019 1277 Ἀθήνη

75 1278 127 1369 ,,αἰ“
147 1283 266 1370 πόποι,
286 1277 311 1372 ἦ
330 1283 371 1372 δή
393 1283 523 1354 πολλόν
542 1285 768 1373 ἀποιχομένου
783 1284 943 1374 Ὀδυσῆος

77 1382 171 1471 δεύῃ,
193 1381 214 1450 ό
233 1385 273 1450 κε
292 1392 504 1471 μνηστῆρσιν
523 1383 675 1452 ἀναιδέσι
693 1397 804 1470 χεῖρας
823 1389 926 1471 ἐφείη.

77 1486 106 1549 εί
122 1479 191 1568 γάρ
214 1489 281 1549 νῦν
300 1482 546 1570 ἐλθεδν,δόμου
564 1488 603 1551 ἐν
621 1483 773 1572 πράτησι
791 1485 941 1572 θύρῃσιν
998 1501 1049 1552 255

77 1586 184 1668 σταίη,
205 1587 293 1668 ἔχων
312 1580 446 1669 πήληκα
466 1585 522 1650 καὶ
541 1581 666 1650 ἀσπίδα
685 1584 741 1650 καί
761 1582 823 1649 δύο
844 1587 955 1666 δοῦρε,

78 1693 165 1760 τοίος
185 1681 253 1750 ἐάν
272 1674 351 1748 οἷόν
368 1706 430 1767 μιν
448 1679 514 1767 ἐμοὶ
535 1679 575 1748 τά
596 1679 695 1767 πρῶτ’
718 1680 842 1766 ἐνόησα

78 1787 156 1868 ολκφ
178 1781 216 1845 ἐν
235 1776 387 1867 ήμειέρφ
406 1779 548 1847 πίνοντά
567 1804 602 1846 τε
621 1777 831 1865 τερπόμενόν
848 1803 894 1865 τε,
931 1815 945 1854 ς

78 1879 109 1956 ἐξ
125 1874 273 1963 Ἐφύρης
292 1874 434 1945 ἀνιόντα
453 1875 530 1962 παρ’
541 1878 636 1946 Ἴλου
655 1882 872 1965 Μερμερίδαο

80 1974 178 2062 ᾤχετο
197 1973 266 2062 γάρ
286 1980 343 2044 καὶ
361 1990 452 2046 κεῖσε
471 1985 558 2064 θοῆς
577 1978 630 2045 ἐπὶ
649 1975 731 2064 νηός
746 1975 925 2054 Όδνσσευς
997 1989 1049 2044 26⁰

79 2073 260 2160 φάρμακον
279 2074 501 2162 ἀνδροφόνον
521 2077 705 2162 διζήμενος,
727 2074 819 2161 ὄφρα
838 2079 872 2142 οἱ
889 2083 939 2159 είη

79 2171 148 2253 ίούς
165 2180 326 2263 χρίεσθαι
344 2175 546 2262 χαλκήρεας·
569 2171 637 2242 ἀλλ’
658 2172 676 2242 ὁ
695 2176 758 2261 μὲν
777 2172 821 2240 ού
840 2175 874 2241 οί

79 2278 195 2360 δάκεν,
218 2275 293 2341 ἐπεί
309 2275 352 2360 δα
370 2271 478 2352 θεούς
496 2279 683 2361 νεμεσίζετο
703 2276 776 2341 αίέν
794 2271 919 2356 ἐόντας,

79 2369 157 2440 ἀλλά
179 2370 293 2458 πατήρ
311 2374 346 2439 οί
364 2375 474 2440 δεδκεν
493 2373 587 2458 ἐμός·
608 2375 763 2457 φιλέεσκε
781 2366 847 2454 γὰρ
867 2373 976 2445 αἰνῶς,

79 2484 161 2551 τοίας
180 2469 249 2540 ἐάν
268 2478 481 2558 μνηστῆρσιν
500 2468 694 2558 ὁμιλήσειεν
709 2465 904 2542 Ὀδυσσεύς·
995 2477 1045 2530 ²6⁵

78 2569 197 2651 πάντες
216 2568 244 2640 κ’
269 2569 443 2657 όκύμοροί
462 2595 495 2638 τε
513 2574 668 2656 γενοίατο
688 2564 893 2651 πικρόγαμοί
910 2586 952 2628 τε.

80 2667 142 2738 ἀλλ’
161 2669 239 2758 ἤτοι
259 2672 323 2756 μὲν
341 2677 448 2737 ταῦτα
466 2678 563 2737 θεῶν
582 2672 620 2736 ἐν
637 2665 781 2754 γούνασι
800 2675 915 2744 κεῖται,

80 2766 97 2852 ή
113 2793 171 2837 κεν
192 2767 363 2854 νοστήσας
383 2763 586 2852 ἀποτίσεται,
606 2764 645 2852 ήέ
663 2765 720 2833 καὶ
739 2760 824 2843 ούκὶ,

80 2861 161 2935 οἷσιν
180 2868 233 2935 ἐνί
252 2865 446 2952 μεγάροισι·
470 2867 507 2935 σδ
528 2866 564 2934 δέ
585 2864 773 2950 φράζεσθαι
792 2858 907 2943 ἀναγα

80 2962 190 3045 ὅππως
205 2989 245 3033 κε
265 2971 461 3052 μνηστῆρας
480 2962 633 3032 ἀκούσεαι
652 2966 689 3030 ἐκ
708 2959 877 3047 μεγάροιο.
992 2967 1044 3024 λλθ

80 3069 106 3131 εί
121 3063 150 3132 δ’
173 3063 236 3151 ἀγε
256 3071 324 3132 νύν
344 3070 449 3145 ξυνίει
467 3065 524 3132 καὶ
544 3065 635 3150 ἐμεῖν
655 3059 794 3146 ἐμπάζεο
813 3054 952 3142 μύθων·

80 3161 193 3247 αὔριον
213 3167 262 3242 είς
279 3160 411 3249 ἀγορήν
430 3166 572 3240 καλέσας
590 3154 703 3247 ἥρωας
717 3152 867 3241 Ἀχαιοῦς

80 3269 186 3346 μῦθον
207 3264 362 3348 πέφραδε
382 3268 475 3348 πάσι,
496 3262 573 3330 θεοὶ
594 3257 625 3326 δ’
648 3253 866 3342 ἐπιμάρτυροι
885 3258 998 3319 ἔσταν.

79 3369 263 3448 μνηστῆρας
279 3361 344 3446 μὲν
359 3362 413 3428 ἐπὶ
432 3362 579 3449 σφέτεροι
598 3361 800 3426 σκίδνασθαι
819 3350 957 3433 ἄνωχθι,

82 3464 195 3546 μητέρα
215 3453 262 3546 δ’,
284 3467 317 3527 ελ
334 3463 369 3527 οί
386 3457 499 3546 θυμός
517 3453 703 3542 ἐφορμᾶται
722 3452 915 3536 γαμέεσθαι,
988 3455 1038 3508 975
