2396 3914
187 261 251 324 204
491 258 783 317 ΟΔΤΣΣΕΙΑΣ
806 260 845 316 Ν.
897 255 904 270 ’

187 419 225 502 δς
242 422 322 505 πρὶν
337 420 398 507 μὲν
415 416 503 506 μάλα
519 419 625 484 πολλὰ
644 412 722 482 πάθ’
746 415 848 500 ἀλγεα
865 412 906 481 δν
928 413 1011 483 κατά
1027 416 1140 502 θυμόν

187 519 322 602 ἀνδροῖν
338 545 373 587 τε
392 517 575 602 πτολέμους
591 512 744 598 ἀλεγεινά
763 539 798 581 τε
816 513 946 600 κύματα
963 520 1098 598 πείρων,

187 616 228 704 δῆ
246 617 318 685 τότε
330 615 356 703 γ’
375 614 516 702 ἀτρέμας
527 606 621 699 εὗδε,
642 613 840 699 λελασμένος
858 609 934 678 όσσ’
951 612 1142 680 ἐπεπόνθει.

229 710 306 785 Εὖί
324 714 429 804 ἀστήρ
449 713 605 798 ὑπερέσχε
622 713 826 797 φαάντατος,
844 707 918 778 ὅστε
938 710 1079 796 μάλιστα

186 827 312 902 ἔρχεται
328 816 498 903 ἀγγέλλων
517 812 603 899 φάος
619 810 717 891 Ἠοῦς
733 809 926 897 ήριγευείης,

187 923 288 1002 τῆμος
305 913 345 1002 δή
364 915 453 1004 νήσφ
469 919 711 999 προσεπίλνατο
730 908 936 992 ποντοπόρος
953 917 1043 996 υηύς.
1107 924 1143 978 95

228 1014 402 1097 Φόρκυνος
419 1017 457 1081 δέ
472 1020 520 1091 τίς
536 1014 604 1080 ἐστι
622 1007 737 1096 λιμήν,
755 1007 859 1077 ἁλίοιο
877 1011 1043 1096 γέροντος,

184 1114 224 1180 ἐν
239 1111 332 1198 δήμῳ
341 1108 485 1196 Ἰθάκης·
506 1107 568 1177 δύο
586 1109 622 1177 δὲ
638 1115 821 1195 προβλῆτες
838 1111 875 1176 ἐν
894 1106 983 1196 αύτῷ

186 1209 281 1279 ἀκταὶ
297 1209 504 1295 ἀπορρῶγες,
520 1211 653 1294 λιμένος
671 1220 934 1294 ποτιπεπτηυῖαι,

186 1308 244 1379 αἴτ’
262 1306 395 1394 ἀνέμων
412 1308 578 1375 σκεπόωσι
597 1307 755 1394 δυσαήων
771 1310 854 1398 μέγα
871 1313 961 1393 κόμα

186 1412 339 1478 ἐκτοθεν·
358 1413 519 1475 ἔντοσθεν
535 1409 573 1474 δέ
588 1405 613 1474 τ’
631 1405 716 1474 ἀνευ
735 1411 867 1490 δεσμοῖο
886 1407 1045 1492 μένουσιν
1091 1423 1144 1474 10⁰

187 1505 472 1596 νῆεςέύσσελμοι,
490 1501 534 1572 ὅτ’
553 1499 597 1571 ἀν
614 1504 722 1592 ὅρμου
739 1509 859 1590 μέτρον
875 1509 1021 1572 ἵκωνται.
1107 1519 1111 1525 “
1194 1537 1195 1544 ·

185 1602 290 1689 αύτάρ
308 1606 360 1673 ἐπὶ
378 1602 499 1689 κρατός
515 1608 646 1690 λιμένος
663 1604 876 1688 τανύφυλλος
893 1606 995 1690 ἐλαίη,

185 1702 305 1790 ἀγχόθι
324 1703 351 1772 δ
371 1703 473 1792 αύτῆς
488 1703 614 1790 ἄντρον
631 1703 798 1791 ἐπήρατον
833 1701 1004 1790 ἠεροειδὲς,

184 1804 260 1888 ίρδν
277 1805 456 1889 Νυμφάων
474 1810 510 1872 αλ
526 1804 660 1890 νηϊάδες
676 1807 858 1870 καλέονται.
1194 1811 1195 1905 ή

183 1905 222 1970 ἐν
239 1905 274 1971 δέ
291 1905 449 1990 κρητῆρές
466 1929 502 1971 τε
518 1905 573 1971 καὶ
589 1901 800 1989 ἀμφιφορῆες
816 1907 909 1968 έασιν
1091 1917 1145 1970 105

184 2001 307 2070 λάϊνοι·
327 2007 411 2070 ἐνθα
432 1999 465 2070 δ’
484 2009 595 2071 ἔπειτα
613 2000 876 2089 τιθαιβιόσσουσι
892 2001 1054 2087 μέλισσαι.

182 2104 221 2169 ἐν
237 2099 268 2169 δ’
289 2103 372 2169 ίστολ
389 2107 496 2169 λίθεοι
515 2101 726 2188 περιμήκεες,
745 2105 830 2168 ἔνθα
848 2126 883 2166 τε
912 2099 1045 2185 νύμφαι

183 2195 277 2284 φάρε’
295 2196 498 2282 ὑφαίνουσιν
514 2197 744 2286 ἁλιπόρφυρα,
761 2207 878 2285 θαῦμα
895 2202 1043 2267 ἐδεσθαι·

183 2301 219 2365 ἐν
235 2295 268 2366 δ’
288 2297 375 2367 ὕδατ’
396 2296 568 2367 ἀενάοντα.
593 2299 663 2367 δύω
681 2300 719 2367 δέ
735 2300 772 2368 τέ
786 2301 820 2366 οί
835 2295 941 2382 θύραι
957 2299 1052 2392 εἰσίν,

182 2401 219 2464 αί
232 2400 294 2484 μὲν
309 2398 393 2486 πρός
410 2401 534 2481 Βορέαο
551 2399 743 2486 καταιβαταὶ
759 2395 1000 2484 ἀ-νθροίποισιυ,
1090 2415 1146 2466 110

181 2501 218 2566 αί
233 2497 261 2566 δ’
278 2491 323 2566 αὖ
338 2495 422 2582 πρδς
439 2497 556 2566 Νότου
573 2501 642 2566 εἰσὶ·
652 2497 829 2583 θειότεραι·
850 2495 932 2567 ούδέ
946 2525 977 2566 τι
993 2504 1092 2586 κείνη
1193 2583 1194 2594 ,

181 2595 302 2682 ἀνδρες
319 2602 522 2685 ἐσέρχονται,
541 2595 609 2665 ἀλλ’
628 2597 810 2665 ἀθανάτων
825 2592 904 2676 ὁδός
920 2600 1017 2666 ἐστιν.

215 2693 306 2764 Ἔνθ’
322 2695 388 2782 οἵγ’
409 2701 598 2783 εἰσέλασαν,
617 2698 696 2781 πρὶν
713 2696 848 2776 εἰδότες·
868 2693 887 2783 ῆ
906 2695 968 2781 μὲν
984 2699 1100 2763 ἔπειτα
1193 2715 1194 2784 3

182 2793 303 2882 ῆπείρφ
321 2795 512 2880 ἐπέκελσεν,
531 2794 614 2863 ὅσον
630 2791 654 2863 τ’
675 2796 726 2863 ἐπὶ
744 2793 847 2881 ἥμισυ
864 2793 981 2878 πάσης,
1193 2863 1194 2868 ,

180 2894 399 2978 σπερχομένη·
414 2899 515 2960 τοίων
532 2893 597 2980 γάρ
614 2899 759 2981 ἐπείγετο
773 2892 863 2980 χέρσ’
878 2894 1039 2979 ἐρετάων·
1084 2913 1143 2964 115
1193 2883 1194 2942 δ

181 2993 214 3055 ol
230 2987 260 3055 δ’
280 2990 316 3055 ἐκ
336 2989 414 3076 νηός
432 2991 551 3078 βάντες
570 2993 712 3079 ἐϋζύγου
728 2989 907 3080 ῆπειρόνδε
1009 3033 1012 3036 -

179 3093 313 3166 πρῶτον
326 3084 490 3177 Ὀδυσσῆα
506 3099 679 3177 γλαφυρῆς
697 3095 734 3160 ἐκ
752 3096 831 3177 νηὸς
849 3091 965 3179 ἄειραν

179 3183 270 3271 αύτῷ
287 3189 351 3252 σύν
366 3211 401 3253 τε
418 3195 499 3278 λίνφ
516 3191 570 3258 καλ
588 3191 684 3276 βήγεῐ
697 3192 895 3276 σιγαλόεντι,

180 3278 244 3349 κάδ
263 3279 294 3346 δ’
313 3279 363 3365 ἀρ’
381 3286 434 3350 ἐπλ
452 3289 596 3376 ψαμάθῳ
614 3297 739 3356 ἔθεσαν
757 3291 963 3376 δεδμημένον
970 3291 1090 3382 ὕπνῳ,

178 3382 215 3446 ἐκ
232 3381 265 3446 δὲ
284 3378 417 3465 κτήματ’
437 3380 569 3469 ἄειραν,
589 3385 611 3451 ἀ
632 3390 666 3452 ολ
680 3393 822 3473 Φαίηκες
837 3387 957 3474 ἀγαυοὶ
1083 3409 1143 3464 120

179 3473 318 3539 ὤπασαν
335 3475 442 3544 ολκαδ’
462 3481 546 3548 ἐόντι
563 3481 616 3548 διά
634 3485 834 3572 μεγάθυμον
846 3484 1004 3576 Ἀθήνην.
