2396 3914
211 257 273 320 220
517 262 809 320 ΟΔΤΣΣΕΙΑΣ
832 261 862 322 Ξ.

211 417 277 488 ἀλλ’
296 418 360 506 έγά
376 418 438 488 ούιι
453 417 564 500 αύτοις
578 419 789 506 μυθήσομαι,
806 417 889 490 ἀλλά
906 443 972 492 σου
988 421 1086 516 ὅρκφ,

210 517 254 600 ὡς
268 534 371 588 νεῖται
382 516 556 598 Ὀδυσεύς·
575 516 769 603 εὐαγγέλιον
784 522 822 586 δέ
835 547 892 607 μοι
907 527 990 590 ἔστω

209 617 325 705 αὐτίκ’,
340 625 412 688 έπεί
422 644 482 687 κεν
496 632 605 696 κεῖνος
620 617 680 684 ίόν
694 615 734 684 τά
752 615 774 684 δι’
789 617 922 705 δείμαθ’
936 624 1058 708 ἵκηται·

211 721 317 804 [ἕσσαι
331 745 372 805 με
388 718 526 804 χλαῖνάν
542 743 578 786 τε
591 717 715 802 χιτῶνά
728 743 781 804 τε,
796 721 912 804 εἵματα
925 721 1011 788 καλά
1020 730 1039 806 ·]

209 821 288 907 πρὶν
303 820 341 888 δέ
349 844 404 906 κε,
421 819 476 886 καὶ
490 817 577 904 μάλα
592 840 654 902 περ
670 818 884 905 κεχρημένος,
899 819 972 886 ούτι
989 824 1142 908 δεχοίμην.

209 916 329 1005 ἐχθρός
341 918 406 1004 γάρ
421 944 477 1004 μοι
492 931 601 994 κεῖνος
615 912 705 1001 ὁμῶς
714 912 824 983 Ἀίδαο
841 915 986 1004 πύλῃσιν
1110 937 1153 990 156

207 1022 370 1104 γίγνεται,
387 1014 424 1096 δς
440 1023 537 1104 πενίη
554 1024 653 1083 είκων
669 1012 832 1100 ἀπατήλια
848 1015 947 1102 βάζει.

207 1123 287 1184 ἴστω
301 1121 368 1182 νῦν
382 1111 467 1194 Ζεύς
481 1119 594 1201 πρῶτα
608 1119 713 1197 θεῶν,
728 1115 816 1195 ξενίη
832 1137 866 1178 τε
880 1110 1034 1200 τράπεζα,

210 1215 295 1298 ίστίη
309 1210 334 1279 τ’
347 1211 507 1299 Ὀδυσῆος
523 1209 710 1299 ἀμύμονος,
726 1207 770 1298 ἣν
783 1209 952 1298 ἀφικάνω·

207 1303 229 1396 ἦ
245 1315 307 1397 μέν
324 1337 375 1378 τοι
392 1312 470 1380 τάδε
485 1310 593 1380 πάντα
608 1315 763 1378 τελείεται
780 1307 823 1389 ὡς
839 1309 1000 1396 ἀγορεύω.
1109 1328 1153 1381 160

209 1407 303 1476 τοῦδ’
315 1409 420 1478 αὐτοῦ
430 1410 638 1498 λυκάβαντος
649 1409 816 1478 ἐλεύσεται
832 1409 949 1478 ἐνθάδ’
961 1408 1146 1490 ’Ὀδυσσεύς

158 1575 159 1580 ,
209 1514 282 1590 [τοῦ
297 1508 359 1594 μὲν
376 1515 559 1596 φθίνοντος
576 1509 695 1594 μηνός,
713 1514 774 1574 τοῦ
791 1506 823 1574 δ’
844 1513 1042 1596 ίσπαμένοιο,

208 1610 321 1688 οίιιαδε
337 1607 508 1694 νοστήσει,
523 1609 579 1675 καὶ
594 1614 716 1674 τίσεται
733 1605 823 1686 ὅστις
840 1612 971 1676 ἐκείνου

209 1701 325 1774 ἐνθάδ’
344 1703 490 1793 ἀτιμάζει
507 1705 629 1790 ἀλοχον
648 1706 704 1773 καί
723 1711 884 1792 φαίδιμον
900 1708 1023 1794 υίόν.]“

258 1801 325 1870 Τόν
343 1801 377 1870 δ’
394 1802 659 1890 ἀπαμειβόμενος
675 1810 854 1892 προσέφης,
872 1793 1003 1889 Εύμαιε
1027 1812 1151 1894 συβῶτα

206 1895 257 1989 „03
272 1906 391 1987 γέρον,
409 1900 476 1971 οὔτ’
497 1900 546 1987 ἀρ’
567 1901 655 1989 ἔχιδν
671 1901 866 1991 εὐαγγέλιον
882 1905 958 1973 τόδε
975 1910 1068 1992 τίσω,
1110 1918 1153 1973 166

205 1997 273 2069 οὔτ’
292 1997 448 2080 Ὀδυσεύς
466 2008 513 2070 ἔτι
531 2000 626 2071 οίκον
642 2004 825 2072 ἐλεύσεται·
844 2002 927 2072 ἀλλά
945 2007 1063 2092 ἕκηλος

206 2113 296 2183 πλνε,
314 2101 369 2167 καὶ
387 2098 471 2168 ἀλλα
487 2105 588 2187 παρὲξ
604 2103 825 2189 μεμνώμεθα,
842 2105 927 2190 μηδέ
942 2128 983 2189 με
998 2102 1125 2170 τούτων

205 2196 375 2284 μίμνησκ’·
393 2191 415 2282 ἦ
432 2196 496 2286 χάρ
514 2199 625 2286 θυμός
642 2203 691 2270 ἑνὶ
708 2201 890 2288 στήθεσσιν
906 2204 1033 2288 ἐμοῖσιν

205 2295 358 2381 ἀχνυται,
377 2292 500 2365 ὁππότε
516 2324 565 2378 τις
582 2298 692 2388 μνήση
708 2303 839 2367 κεδνοῖο
857 2297 1007 2379 άνακτος.
1109 2312 1154 2368 170

205 2391 274 2463 ἀλλ’
295 2391 369 2482 ἤτοι
386 2392 491 2480 ὅρκον
506 2395 568 2484 μὲν
583 2397 741 2484 ἐάσομεν,
759 2395 865 2482 αὐτὰρ
880 2395 1060 2477 Ὀδυσσεύς

205 2500 300 2562 ἔλθοι
314 2492 404 2573 ὅπως
421 2521 479 2581 μιν
495 2493 586 2581 ἔγωγ’
605 2499 709 2564 ἐθέλω
726 2496 781 2562 καὶ
797 2494 1007 2581 Πηνελόπεια

203 2598 353 2681 Λαέρτης
367 2591 406 2662 θ’
425 2591 567 2682 ὁμόρων
584 2596 639 2662 καὶ
660 2595 846 2680 Τηλέμαχος
862 2593 1025 2678 θεοειδής.

203 2699 268 2760 νῦν
285 2685 330 2759 αὖ
341 2690 458 2770 παιδός
475 2693 621 2762 ἀλαστον
636 2691 816 2778 όδύρομαι,
834 2688 875 2760 δν
891 2689 956 2758 τέκ’
970 2688 1152 2774 Όδυσσευς,

208 2791 414 2876 Τηλεμάχου·
433 2788 494 2858 τόν
510 2793 580 2860 ἐπεὶ
596 2794 730 2877 θρέψαν
747 2793 822 2860 θεοὶ
836 2795 926 2876 ἔρνει·
942 2788 1028 2877 ἴσον,
1096 2804 1153 2860 Ἱλὸ

204 2895 263 2956 καί
275 2915 333 2974 μιν
349 2893 437 2975 ἔφην
454 2894 612 2958 ἔσσεσθαι
627 2895 664 2958 έν
681 2887 846 2976 ἀνδράσιν
863 2887 936 2956 ούτι
952 2891 1054 2974 χέρηα

203 2985 328 3069 πατρὸς
344 2989 409 3056 ἑοῖο
427 2993 555 3077 φίλοιο,
575 2993 674 3076 δέμας
691 2991 747 3060 καὶ
765 2989 851 3068 είδος
868 2985 1004 3074 ἀγητόν,

202 3092 263 3154 τοῦ
280 3089 317 3153 δέ
331 3112 380 3164 τις
396 3083 578 3156 ἀθανάταν
593 3087 701 3176 βλάψε
717 3090 843 3175 φρένας
860 3091 960 3154 ἔνδον
976 3087 1066 3164 ἐίσας

201 3183 243 3271 ήέ
257 3209 305 3260 τις
322 3181 531 3269 ἀνθρώπων·
548 3183 566 3254 ὁ
584 3184 615 3254 δ’
636 3193 695 3272 έβη
713 3184 793 3272 μετὰ
812 3181 935 3270 πατρὸς
953 3181 1082 3270 ἀκουήν

204 3285 237 3360 ἐς
252 3282 370 3350 Πύλον
387 3280 553 3369 ἠγαθέην·
571 3285 631 3352 τόν
648 3287 683 3354 δὲ
700 3289 885 3371 μνηστῆρες
901 3279 1022 3366 ἀγαυοὶ
1106 3294 1154 3350 180

204 3377 311 3446 οἴκαδ’
333 3378 426 3446 ίόντα
443 3387 602 3465 λοχῶσιν,
620 3380 710 3460 ὅπως
727 3380 793 3450 ἀπό
811 3388 923 3466 φῦλον
941 3376 1056 3467 όληται

155 3555 156 3560 ¹
203 3474 361 3559 νιόνυμον
377 3478 411 3554 ἔξ
427 3473 558 3564 Ἰθάκης
570 3476 756 3562 Ἀρκεισίου
772 3478 951 3548 ἀντιθέοιο.
