2392 3914
220 225 282 290 258
315 247 319 254 ·
520 221 813 282 ΟΔΥΣΣΕΙΑΣ
831 219 871 276 Π.

219 388 258 454 έκ
276 386 338 471 μὲν
353 386 544 467 Δουλιχίοιο
563 378 633 447 δύω
652 379 708 445 καὶ
725 377 930 462 πεντήκοντα

221 490 340 564 κοῦροι
357 482 560 565 κεκριμένοι,
578 481 611 556 ἓξ
628 479 665 544 δὲ
675 481 855 562 δρηστῆρες
872 477 1022 542 ἕπονται·

221 583 259 649 ἐκ
270 579 314 646 ’δέ
330 579 447 664 Σάμης
463 577 601 658 πίσυρές
617 600 653 642 τε
669 577 723 642 καὶ
733 583 845 642 ἐίκοσι
862 581 970 659 φῶτες
986 577 1085 658 ἔασιν,
1173 571 1174 630 i

221 683 258 748 ἐκ
275 677 311 745 δέ
328 676 512 746 Ζακύνθου
529 679 622 741 ἔασιν
637 676 758 740 ἐείκοσι
776 680 894 756 κοῦροι
908 672 1055 758 Ἀχαιιιν,
1114 671 1174 736 2ῡοί

222 781 259 845 ἐκ
277 774 307 844 δ’
328 775 430 860 αὐτῆς
442 773 574 859 Ἰθάκης
590 776 788 840 δυοκαίδεκα
804 772 927 850 πάντες
943 771 1079 855 άριστοι,

222 882 282 943 καί
296 893 378 960 σφιν
394 871 446 959 ἀμ’
466 875 533 940 ε’στὶ
549 875 676 940 Μέδων
690 874 794 954 κῆρυξ
812 871 868 938 καὶ
883 880 977 948 θεῖος
993 865 1102 946 ἀοιδός

223 975 278 1041 καί
296 969 375 1040 δοιῶ
393 969 598 1056 θεράποντε,
618 969 764 1055 δαήμονε
782 968 1044 1050 δαιτροσυνάων.
1173 995 1174 1050 χ

222 1079 291 1139 τῶν
309 1079 342 1136 εί
354 1095 413 1135 κεν
429 1069 565 1136 πάντων
581 1066 767 1154 ἀντήσομεν
782 1071 882 1134 ἔνδον
901 1066 1037 1152 ἐόντων,

223 1173 268 1256 μῆ
284 1170 475 1251 πολύπικρα
491 1167 546 1234 καὶ
562 1164 639 1234 αίνά
658 1172 731 1250 βίας
746 1161 917 1232 ἀποτίσεαι
934 1165 1063 1232 ἐλθῶν..
1119 1179 1159 1230 255

223 1261 308 1328 ἀλλά
323 1263 406 1351 σύγ’,
424 1269 455 1330 εί
470 1264 614 1332 δύνασαί
627 1262 685 1331 τιν’
708 1262 879 1349 ἀμύντορα
896 1269 1099 1349 μερμηρίξαι,

222 1362 366 1448 φράζευ,
384 1360 404 1427 ὅ
420 1365 479 1428 κέν
495 1388 544 1441 τις
561 1371 644 1430 νῶϊν
658 1361 782 1448 ἀμύνοι
798 1363 968 1448 πρόφρονι
983 1366 1115 1450 θυμῷ.“

268 1459 337 1528 Τόν
353 1456 386 1525 δ’
404 1451 484 1528 αύτε
502 1463 676 1543 προσέειπε
693 1461 858 1540 πολύτλας
875 1467 945 1540 δῖος
954 1459 1129 1538 Ὀδυσσεύς

224 1559 361 1648 ,τοιγὰρ
378 1557 466 1644 ἐγῶν
483 1562 580 1646 ἐρέω,
603 1558 646 1626 σύ
664 1560 699 1628 δέ
717 1559 843 1628 σύνθεο
860 1567 919 1628 καί
932 1587 996 1646 μευ
1014 1559 1160 1626 ἀκουσον

225 1661 279 1728 καὶ
296 1657 422 1742 φράσαι
438 1667 473 1726 εί
486 1685 545 1727 κεν
562 1667 646 1727 νῶϊν
657 1657 783 1745 Ἀθῆνη
795 1657 868 1726 σύν
883 1661 942 1727 Διὶ
958 1661 1060 1742 πατρὶ
1121 1667 1162 1722 26⁰

223 1757 370 1840 ἀρκέσει,
388 1754 429 1841 ῆέ
442 1755 502 1823 τιν’
520 1755 624 1826 ἀλλον
640 1755 812 1844 ἀμύντορα
829 1764 1052 1846 μερμηρίξω.“

270 1853 339 1922 Τόν
356 1852 388 1920 δ’
408 1847 452 1922 αύ
470 1860 658 1942 Τηλέμαχος
674 1863 883 1944 πεπνυμένος
896 1855 1013 1926 ἀντίον
1029 1855 1114 1942 ηύδα

223 1953 359 2041 ,ἐσθλά
375 1981 426 2021 τοι
442 1957 549 2024 τούτω
565 1955 600 2042 γ’
618 1958 843 2044 ἐπαμύντορε,
860 1956 939 2036 τούς
957 1955 1135 2042 ἀγορεύεις,

225 2057 286 2132 ύψι
304 2078 365 2138 περ
384 2058 422 2121 ἐν
438 2057 592 2140 νεφέεσσι
606 2060 803 2142 καθημένω·
821 2055 883 2124 ῶτε
902 2057 957 2123 καί
973 2054 1088 2132 ἀλλοις
1173 2117 1174 2134 ,

225 2151 366 2234 ἀνδράσι
384 2178 419 2218 τε
435 2160 610 2239 κρατέουσι
626 2157 682 2224 καὶ
698 2153 896 2224 ἀθανάτοισι
912 2162 1078 2224 θεοίσιν.“
1123 2145 1174 2240 λδίῆ

269 2248 337 2319 Τόν
354 2247 387 2318 δ’
405 2243 485 2318 αύτε
501 2256 677 2339 προσέειπε
692 2255 859 2332 πολύτλας
875 2257 944 2332 δλος
954 2249 1133 2328 Ὀδυσσεύς

226 2346 293 2436 ,,ού
312 2349 374 2434 μέν
389 2373 441 2416 τοι
456 2357 556 2419 κείνω
573 2379 611 2436 γε
625 2350 734 2420 πολύν
749 2352 872 2437 χρόνον
888 2350 991 2438 ἀμφὶς
1008 2357 1146 2419 ἔσεσθον

225 2447 411 2535 φυλόπιδος
425 2460 603 2536 κρατερῆς,
621 2447 722 2518 ὁπότε
737 2449 920 2537 μνηστῆρσι
936 2452 993 2517 καὶ
1008 2446 1090 2534 ἡμῖν

225 2551 263 2615 έν
280 2549 475 2634 μεγάροισιν
491 2553 598 2636 ἐμοῖσι
614 2552 713 2635 μένος
729 2557 879 2636 κρίνηται
886 2548 1016 2634 ’Ἄρηος

225 2643 307 2713 ἀλλά
326 2643 369 2711 σύ
386 2647 448 2730 μὲν
464 2656 530 2715 νῶν
546 2653 642 2734 έρχεν
660 2647 712 2734 ἀμ’
730 2647 787 2735 ῆολ
802 2649 1052 2733 φαινομένηφιν
1126 2656 1170 2711 270

225 2747 353 2830 οίκαδε,
371 2744 426 2809 καὶ
443 2753 650 2832 μνηστῆρσιν
665 2745 922 2832 ὑπερφιάλοισιν
937 2741 1062 2829 ὁμίλει·
1136 2789 1139 2808 ι

224 2837 330 2920 αύτόιρ
348 2839 404 2924 ἐμὲ
421 2843 517 2926 προτὶ
534 2842 619 2912 ἀστυ
637 2845 788 2932 συβώτης
803 2843 947 2926 ὕστερον
963 2841 1045 2926 ἀξει,

224 2943 341 3024 πτωχῷ
358 2944 525 3030 λευγαλέοι
542 2945 729 3029 ἐναλίγκιον
745 2944 804 3030 ῆδὲ
820 2948 961 3029 γέροντι.
1173 2999 1174 3036 ,

224 3043 255 3106 εί
271 3037 310 3102 δέ
324 3032 352 3119 μ’
373 3032 568 3125 ἀτιμήσουσι
586 3043 691 3129 δόμου
706 3043 806 3129 κάτα,
825 3039 888 3108 σόν
906 3040 941 3107 δὲ
957 3045 1063 3124 φίλον
1074 3047 1136 3124 κῆρ

223 3134 366 3203 τετλάτω
385 3139 422 3204 ἐν
439 3139 598 3226 στῆθεσσι
614 3149 724 3220 κακῶς
739 3141 922 3226 πάσχοντος
939 3141 1040 3223 ἐμεῖο,
1128 3147 1174 3220 ελὶχ

223 3232 329 3320 ῆνπερ
346 3235 402 3300 καὶ
417 3234 472 3301 διά
489 3243 583 3324 δῶμα
600 3245 714 3307 ποδῶν
730 3241 850 3306 ἕλκωσι
866 3235 992 3321 θύραζε

224 3328 246 3416 ῆ
263 3334 394 3416 βέλεσιν
409 3333 572 3418 βάλλωσι·
589 3336 633 3402 σύ
649 3336 681 3404 δ’
702 3338 863 3420 εἰσορόων
879 3333 1072 3418 ἀνέχεσθαι.
1173 3381 1174 3420 ,

225 3425 296 3494 ἀλλ’
312 3427 386 3506 ῆτοι
403 3431 571 3500 παύεσθαι
588 3433 758 3520 ἀνωγέμεν
774 3431 1011 3519 ἀφροσυνάων,
