2452 3910
354 277 648 336 ΟΔΥΣΣΕΙΑΣ
674 279 718 338 ΙΧ.
954 277 1014 342 131

65 433 168 520 τόφρα
184 435 217 503 δ’
237 434 429 521 ἀλεξόμενοι
444 435 589 520 μένομεν
604 435 746 516 πλέονάς
763 461 825 522 περ
842 440 971 519 ἐόντας·

64 525 140 619 ήμος
157 533 189 603 δ’
204 533 331 614 Ἠέλιος
347 539 554 619 μετενίσσετο
571 533 785 622 βουλυτόνδε,

64 635 113 699 καὶ
129 635 202 702 τότε
221 633 261 722 δή
278 640 420 719 Κίκονες
439 641 558 701 κλῖναν
576 633 783 718 δαμάσαντες
797 631 953 719 Ἀχαιούς.

66 727 95 808 ἓξ
110 729 141 798 δ’
160 730 217 818 άφ’
235 733 376 818 ἑκάστης
392 729 472 818 νηός
488 730 687 817 ἐϋκνήμιδες
705 732 828 816 έταῑροι
980 749 1015 804 60

65 826 197 896 ὤλονθ’·
221 834 256 898 οί
271 829 302 899 δ’
322 829 418 898 άλλοι
436 829 589 914 φύγομεν
607 829 760 898 θάνατόν
776 857 811 900 τε
826 831 935 919 μόρον
950 859 994 900 τε.

99 927 226 998 Ἔνθεν
244 933 281 999 δὲ
297 931 446 1016 προτέρω
464 931 607 1013 πλέομεν
625 927 827 1015 ἀκαχήμενοι
843 923 944 1019 ήτορ,

63 1024 195 1112 ἅσμενοι
211 1031 249 1096 έκ
267 1029 441 1114 θανάτοιο,
460 1031 580 1112 φίλους
595 1024 769 1106 ὀλέσαντες
787 1029 946 1114 ἑταίρους.

63 1122 130 1190 οὐδ’
151 1125 219 1212 όρα
235 1153 293 1212 μοι
309 1131 456 1212 προτέρω
473 1133 551 1212 νήες
566 1130 641 1192 κίον
659 1124 882 1212 ἀμφιέλισσαι,

63 1228 135 1307 πρίν
154 1250 228 1292 τινα
244 1233 314 1292 τεόν
329 1229 448 1292 δειλῶν
466 1222 594 1307 ἑτάρων
611 1227 680 1310 τρὶς
696 1225 837 1293 ἕκαστον
852 1215 961 1312 άύσαι,
979 1244 1013 1298 65

63 1327 92 1388 ολ
104 1321 220 1390 θάνον
236 1327 275 1391 ἐν
290 1328 393 1414 πεδίφ
406 1322 564 1391 Κικόνων
581 1321 647 1389 ὕπο
669 1327 861 1411 δῃωθέντες.

64 1423 158 1504 νηυσὶ
175 1418 210 1486 δ’
227 1419 349 1504 ἐπύριί
367 1419 494 1507 άυεμου
509 1423 638 1506 Βορέην
653 1425 892 1508 νεφεληγερέτα
908 1422 993 1499 Ζεύς

65 1524 191 1585 λαίλαπι
207 1526 380 1607 θεσπεσίη,
398 1517 463 1586 σύν
481 1522 516 1586 δὲ
534 1526 688 1602 νεφέεσσι
704 1518 856 1599 κάλυψεν

12 1699 14 1708 y
61 1631 155 1690 γαῖαν
171 1615 263 1704 ὁμοῦ
278 1620 334 1687 καὶ
349 1617 489 1686 πόντον·
508 1615 629 1700 όράρει
645 1613 679 1681 δ’
698 1613 891 1699 οὐρανόθεν
908 1615 978 1694 νύξ.

60 1719 91 1781 αί
104 1716 167 1801 μὲν
185 1713 283 1784 ἔπειτ’
304 1714 451 1802 ἐφέροντ’
469 1715 669 1799 ἐπικάρσιαι,
688 1717 774 1782 ίστία
793 1715 831 1782 δέ
845 1736 927 1799 σφιν
979 1728 1014 1782 70

60 1815 176 1900 τριχθά
195 1842 232 1883 τε
249 1818 304 1884 καὶ
321 1813 485 1902 τετραχθὰ
505 1819 667 1899 διέσχισεν
683 1817 714 1892 ἲς
730 1810 875 1898 άνέμοιο.

61 1915 109 1981 καί
126 1911 167 1981 τά
187 1915 252 1998 μὲν
268 1917 301 1992 ἐς
317 1921 398 2000 νῆας
414 1913 574 2000 κάθεμεν,
592 1917 758 1991 δείσαντες
774 1911 930 1998 ὄλεθρον,

60 2009 157 2090 αὐτάς
174 2008 208 2078 δ’
225 2014 415 2097 ἐσσυμένως
431 2011 687 2098 προερύσσαμεν
703 2009 889 2096 ἤπειρόνδε.

60 2116 140 2176 ἔνθα
156 2109 231 2176 δύω
250 2111 374 2188 νύκτας
390 2110 452 2178 δύο
467 2109 494 2178 τ’
512 2109 621 2196 ἤματα
641 2110 775 2195 συνεχὲς
791 2112 855 2178 αίεὶ

59 2205 193 2294 κείμεθ’,
206 2205 294 2294 ὁμοῦ
308 2207 443 2298 καμάτφ
454 2235 489 2276 τε
499 2211 555 2276 καὶ
573 2208 687 2293 ἄλγεσι
700 2205 817 2294 θυμόν
831 2211 970 2286 ἔδοντες.
979 2221 1012 2277 75

59 2302 121 2374 ἀλλ’
138 2305 199 2374 ὅτε
216 2305 258 2392 δή
274 2312 388 2393 τρίτον
403 2301 492 2395 ήμαρ
511 2305 718 2392 ἐϋπλόκαμος
733 2302 834 2375 τέλειί
849 2302 944 2391 Ἠως,

58 2403 168 2485 ίστούς
187 2405 388 2492 στησάμενοι
405 2402 520 2480 ιἰνά,θ’
539 2409 625 2473 ίστία
642 2400 730 2472 λεύκ’
749 2404 928 2488 ἐρύσαντες

59 2502 182 2588 ἥμεθα·
206 2502 266 2583 τὰς
283 2502 315 2572 δ’
334 2505 457 2590 άυεμός
473 2530 509 2572 τε
526 2507 729 2591 κυβερνῆταί
741 2499 768 2568 τ’
786 2511 919 2569 ἴθυνον.

58 2610 109 2670 καί
124 2603 173 2671 νύ
191 2630 251 2671 κεν
267 2601 419 2690 ἀσκηθής
434 2601 553 2689 ἱκόμην
569 2605 604 2680 ἐς
620 2603 761 2686 πατρίδα
777 2612 886 2684 γαῖαν,

57 2697 136 2768 α’λλά
154 2727 199 2786 με
216 2708 306 2788 κῦμα
323 2701 401 2788 ῥόος
417 2725 452 2768 τε
465 2700 756 2786 περιγνάμπτοντα
773 2695 929 2766 Μάλειαν
975 2716 1011 2769 80

58 2799 106 2866 καὶ
120 2801 253 2884 Βορέης
270 2797 409 2885 άπέωσε,
426 2803 654 2884 παρέπλαγξεν
671 2799 707 2866 δὲ
723 2796 906 2884 Κυθήρων.

93 2894 222 2964 Ἐυθευ
240 2894 273 2964 δ’
290 2899 437 2983 ἐννῆμαρ
455 2896 606 2984 φερόμην
623 2894 731 2976 όλοοϊς
748 2894 920 2981 ιἰνέμοισιυ

57 2995 182 3061 πόντου
198 2989 247 3059 ἐπ’
263 2993 445 3080 ἰχθυόεντ’·
467 2994 573 3080 αύτάρ
592 2995 712 3082 δεκάτη
729 2996 893 3080 ἐπέβημεν

55 3098 145 3178 γαίης
165 3092 396 3180 Λωτοφάγων,
416 3093 473 3162 οἵτ’
490 3094 635 3162 άνθιυου
653 3092 744 3177 εἶδαρ
765 3098 908 3162 ἔδουσιν.

54 3193 136 3257 ἔνθα
155 3187 191 3257 δ’
208 3188 255 3257 ἐπ’
274 3188 415 3277 ήπείρου
431 3201 538 3281 βῆμεν
554 3196 609 3261 καὶ
625 3190 837 3278 άφυσσάμεθ’
856 3193 959 3282 ὕδωρ,
976 3213 1010 3265 85

55 3287 131 3368 αἶψα
150 3287 188 3356 δὲ
205 3293 344 3358 δεῖπνον
359 3292 473 3360 ἕλοντο
492 3299 578 3380 θοῇς
594 3289 683 3378 παρά
700 3297 821 3379 νηυσὶν
836 3299 967 3378 ἑταῖροι.

54 3384 159 3473 αὐτὰρ
178 3391 249 3456 ἐπεὶ
267 3391 372 3457 σίτοιό
387 3417 425 3458 τε
441 3389 628 3477 πασσάμεθ’
646 3389 705 3478 ήδέ
722 3400 871 3478 ποτῆτος,

56 3483 92 3572 δή
110 3483 183 3556 τότ’
203 3485 292 3574 έγοδυ
308 3488 447 3575 ἑτάρους
463 3497 593 3574 προΐειν
609 3490 807 3615 πεύθεσθαι*
816 3487 925 3567 ἐόντας

763 3585 781 3638 9
