2396 3914
338 282 631 341 ΟΔΤΣΣΕΙΑΣ
655 285 713 340 XII.
941 278 1004 344 189

19 517 20 524 χ
74 449 116 529 της
129 441 199 529 ἤτοι
216 441 315 518 πόδες
332 441 394 508 είσὶ
413 439 564 505 δυόδεκα
583 440 704 519 πάντες
719 441 834 526 ἀωροι,

19 543 21 624 ἶ
70 546 95 620 ἓξ
109 545 140 606 δέ
153 541 188 607 τέ
203 543 236 607 οί
252 539 358 623 δειραὶ
375 535 578 622 περιμήκεες,
596 539 633 603 έν
649 541 684 606 δὲ
700 539 819 626 ἑκάστη
967 553 1003 610 00

70 643 231 726 σμερδαλέη
249 635 388 723 κεφαλὴ,
407 638 444 704 ἐν
462 636 497 702 δὲ
513 641 688 721 τρίστοιχοι
705 634 849 722 όδόντεςς

69 739 170 805 πυκνοὶ
186 739 242 805 καὶ
259 739 391 822 θαμέες,
410 742 515 800 πλεῖοι
530 737 669 818 μέλανος
685 734 856 802 θανάτοιο.

68 836 152 921 μέσση
168 839 230 921 μέν
246 860 282 902 τε
299 832 382 901 κατὰ
401 838 535 910 σπείους
553 839 676 899 κοίλοιο
694 835 843 913 δέδυκεν,

69 941 115 1014 ἔξω
130 931 159 1002 δ’
176 938 294 1020 ἐξίσχει
309 933 456 1018 κεφαλάς
474 936 594 998 δεινοῖο
613 931 790 1021 βερέθρου,

68 1032 156 1100 αύιού
172 1031 205 1101 δ’
223 1031 360 1122 ἰχθυάᾳ,
379 1030 545 1099 σκόπελον
561 1029 828 1116 περιμαιμώωσα,
968 1045 1001 1098 95

68 1132 208 1217 δελφῖνάς
223 1157 260 1199 τε
277 1131 382 1210 κύνας
399 1155 435 1197 τε
452 1133 507 1198 καί
524 1139 556 1197 εί
569 1140 652 1196 ποθι
668 1139 779 1216 μεῖζον
796 1130 909 1217 ἕλῃσιν

69 1240 158 1317 ιητος,
177 1229 198 1299 ἀ
214 1239 316 1318 μυρία
335 1229 450 1318 βόσκει
467 1227 650 1314 ἀγάστονος
662 1226 863 1314 Ἀμφιτρίτη.

69 1338 98 1418 ιη
113 1328 141 1398 δ’
158 1329 199 1397 ού
217 1329 349 1398 πάντοτε
366 1335 485 1398 ναύται
501 1324 634 1413 ἀκήριοι
650 1323 866 1412 εὐχετόωνται

70 1415 264 1515 παρφυγέειν
276 1425 341 1495 σὺν
359 1433 427 1514 νηί·
452 1429 545 1512 φέρει
563 1427 601 1492 δέ
616 1451 649 1492 τε
667 1427 761 1512 κρατὶ
778 1424 904 1512 ἑκάστῳ

69 1523 131 1610 φῶτ’
150 1526 357 1614 ἐξαρπάξασα
374 1523 448 1604 νεός
464 1523 727 1615 κυανοπρῴροιο.
952 1542 1002 1594 100

102 1625 163 1694 Τόν
174 1624 204 1694 δ’
217 1627 332 1714 ἕτερον
342 1624 508 1694 σκόπελον
518 1621 778 1710 χθαμαλώτερον
790 1619 874 1705 ὄψει,
885 1619 1000 1690 Ὀδυσ-

508 1729 579 1809 σεῦ,

71 1830 192 1911 πλησίον
208 1823 375 1912 ἀλλήλων·
395 1829 453 1892 καί
467 1849 526 1890 κεν
546 1821 787 1900 διοϊστεύσειας.

71 1922 106 2010 τῷ
120 1920 148 1990 δ’
165 1927 200 1991 έν
219 1922 344 2010 ἐρινεός
363 1925 431 1990 ἐστι
447 1923 556 2007 μέγας,
576 1921 731 2004 φύλλοισι
748 1917 910 2006 τεθηλός·

72 2027 105 2108 τῷ
120 2018 148 2086 δ’
168 2018 232 2090 ὑπό
251 2025 305 2089 δία
321 2019 491 2106 Χάρυβδις
507 2016 722 2106 ἀναρροιβδεῖ
736 2020 839 2104 μέλαν
855 2015 954 2104 ὕδωρ.

74 2119 125 2202 τρὶς
140 2118 199 2206 μὲν
214 2118 279 2205 γάρ
297 2115 320 2186 τ’
334 2115 466 2204 ἀνίησιν
483 2113 528 2184 ἐπ’
546 2115 654 2204 ἤματι,
673 2118 742 2200 τρίς
760 2112 791 2184 δ’
811 2114 1003 2204 ἀναροιβδεῖ
1040 2187 1042 2192 ,

72 2216 180 2284 δεινόν·
204 2215 248 2304 μὴ
268 2216 349 2302 σύγε
365 2227 454 2284 κεῖθι
470 2215 588 2300 τύχοις,
607 2212 662 2283 ὅτε
679 2215 900 2302 ῥοιβδήσειεν·
952 2227 1001 2284 106

71 2313 102 2380 ού
116 2315 175 2400 γάρ
194 2341 253 2383 κεν
270 2315 409 2402 ῥύσαιτό
427 2313 454 2382 δ
477 2310 559 2381 ὑπὲκ
571 2322 685 2381 κακοῦ
700 2311 774 2381 οὐδ’
794 2317 986 2399 ἐνοσίχθων.

68 2409 137 2480 ἀλλά
153 2413 241 2499 μάλα
258 2413 413 2499 Σκύλλης
430 2416 579 2500 σκοπέλφ
596 2415 802 2498 πεπλημένος
823 2409 892 2479 δτκα

71 2519 120 2596 νηα
136 2511 234 2596 παρὲξ
253 2511 364 2597 ἐλάαν,
384 2513 474 2597 ἐπειὴ
492 2508 579 2578 πολύ
598 2512 760 2596 φέρτερόν
776 2515 866 2578 ἐστιν

70 2611 94 2687 ἐξ
110 2610 242 2694 ἑτάρους
258 2613 295 2677 ἐν
311 2615 369 2695 νηί
383 2609 570 2696 ποθήμεναι
588 2604 609 2696 ἢ
626 2608 694 2696 ἅμα
711 2608 869 2686 πάντας.“
954 2625 1003 2676 110

101 2705 156 2789 Ὣς
172 2707 273 2797 ἔφατ’,
292 2707 397 2792 αὐτὰρ
415 2708 479 2794 ἐγύ
496 2736 554 2795 μιν
571 2707 787 2795 ἀμειβόμενος
803 2707 1003 2788 προσέειπον

69 2813 112 2890 ,εί
125 2807 154 2876 δ’
173 2807 232 2894 άγε
251 2807 293 2894 δη’
310 2833 366 2904 μοι
382 2815 491 2894 τούτο,
510 2805 586 2892 θεά,
607 2807 763 2894 νημερτὲς
778 2809 919 2890 ἐνίσπες,

69 2913 94 2971 εἰ
105 2930 169 2986 πως
186 2906 248 2993 τὴν
264 2903 444 2993 ὀλοὴν-μέν
461 2903 752 2993 ὑπεκπροφύγοιμι
768 2905 950 2991 Χάρυβδιν,

69 3002 118 3088 τὴν
135 3009 171 3072 δέ
185 3002 211 3072 κ’
234 3003 436 3091 ἀμυναίμην,
455 3003 509 3074 ὅτε
525 3031 582 3092 μοι
599 3003 724 3072 σίνοιτό
742 3002 768 3090 γ’
789 3006 969 3087 ἐταίρονς.“

93 3101 148 3184 Ὦς
163 3104 307 3190 ἐφάμην,
325 3101 345 3191 ἡ
362 3101 395 3171 δ’·
413 3101 515 3172 αὐτίκ’
533 3103 682 3190 ἀμείβετο
704 3105 757 3169 δῖα
775 3103 889 3170 θεάων
953 3119 1003 3172 115

69 3203 212 3289 ,,σχε’τλιε,
229 3200 333 3270 παλδ’
353 3195 398 3270 αύ
416 3229 465 3270 τοι
482 3202 642 3288 πολεμήϊα
659 3207 739 3287 ἔργα
756 3203 900 3287 μέμηλεν

69 3304 112 3368 καὶ
132 3302 246 3382 πόνος·
269 3299 348 3371 οὐδὲ
363 3311 494 3370 θεοῖσιν
512 3301 656 3380 ὑπείξεαι
672 3297 907 3377 ἀ-θανάτοισινς

70 3395 134 3484 ἡδί
147 3428 196 3470 τοι
212 3398 254 3470 ού
270 3399 389 3488 θνητὴ,
411 3399 478 3470 ἀλλ’
497 3399 668 3468 ἀθάνατον
685 3398 791 3472 κακόν
808 3399 907 3482 ἐστιν,

69 3501 167 3568 δεινόν
185 3499 207 3570 τ’
228 3501 392 3586 ἀργαλέον
408 3526 442 3568 τε
460 3503 514 3568 καλ
528 3501 650 3584 ’ἄγριον
666 3495 744 3564 οὐδὲ
760 3493 921 3580 μαχητόν·
