2452 3910
137 291 143 302 ·
194 266 254 330 126
493 265 786 328 ΟΔΤΣΣΕΙΛΣ
812 273 845 330 Θ.

190 434 292 497 ἐνθεν
308 430 392 497 ἕλον
408 425 453 506 ῦς
473 430 507 495 οἰ
521 429 583 514 μὲν
599 429 789 514 ἐϋσσέλμων
805 431 857 498 ἐπὶ
872 440 963 516 νηῶν
1093 452 1149 502 σου

191 527 309 610 βάντες
325 525 514 610 ἀπέπλειον,
533 535 607 612 πῦρ
619 529 657 594 ἐν
673 534 817 616 κλισίῃσι
833 529 1003 615 βαλόντες,

152 685 155 692 .
190 628 337 712 Ἀργεῖοι,
354 629 405 694 τοὶ
422 624 453 693 δ’
471 626 535 713 ῆδη
553 623 742 712 ἀγακλυτὸν
758 624 836 711 ἄμφ’
853 625 996 714 Ὀδυσῆα
1062 684 1064 689 .

191 725 266 795 εἵατ’
284 729 333 796 ἐνλ
354 723 479 812 Τράον
495 724 602 812 άγορῆ
618 729 861 811 κεκαλυμμένοι
877 729 982 816 ῗππφ·

191 824 286 895 αύτοὶ
301 825 366 912 γάρ
383 854 441 913 μιν
455 833 572 911 ’Τρῦες
588 827 622 902 ἐς
636 824 820 910 ἀκρόπολιν
835 823 1009 907 ἐρύσαντο.

192 923 235 1005 ἀς
250 923 268 994 ὁ
286 927 348 1011 μὲν
365 924 505 1011 ἑστήκει,
521 924 572 992 τοὶ
589 921 620 988 δ’
640 922 758 1008 ἄκριτα
774 919 865 989 πόλλ’
883 919 1050 1007 ἀγόρευον
1091 941 1145 996 σοε

189 1023 307 1110 ῆμενοι
324 1021 403 1110 ἀμφ’
419 1021 537 1091 αύτόν·
560 1028 654 1109 τρίχα
670 1024 709 1089 δέ
724 1039 841 1106 σφισιν
857 1019 982 1107 ἥνδανε
999 1021 1117 1110 βουλή,

189 1120 228 1208 ήέ
246 1127 420 1209 διαπλῆξαι
435 1129 549 1190 κοίλου
568 1120 652 1204 δόρυ
668 1121 763 1206 νηλέι
776 1127 897 1210 χαλκῷ,

189 1217 211 1307 ἢ
227 1219 310 1288 κατὰ
326 1220 480 1304 πετράων
496 1221 628 1306 βαλέειν
644 1219 828 1304 ἐρύσαντας
843 1215 889 1288 ἐπ’
908 1219 1021 1306 ἄκρης,

191 1315 210 1403 ῆ
228 1318 310 1386 ἐάαν
326 1315 395 1403 μέγ’
414 1316 546 1403 ἄγαλμα
562 1325 655 1384 θεάν
671 1317 871 1404 θελκτήριον
888 1317 982 1404 εἶναι,

191 1423 291 1505 ιῆπερ
309 1417 350 1502 δὴ
367 1418 422 1484 κοιλ
438 1423 548 1484 ἔπειτα
564 1416 821 1502 τελευτήσεσθαι
838 1423 988 1503 ἔμελλεν·
1090 1435 1148 1487 σιυ

189 1515 266 1583 αἶσα
281 1515 346 1600 γάρ
361 1506 406 1602 ῆν
422 1513 616 1600 ἀπολέσθαι,
634 1513 720 1600 ἐπήν
736 1515 831 1593 πόλις
848 1513 1067 1605 ἀμφικαλύψῃ

189 1613 372 1701 δουράτεον
388 1618 493 1698 μέγαν
506 1617 620 1698 ἵππον,
640 1612 693 1680 ὅθ’
712 1615 799 1679 εἴατο
817 1613 937 1692 πάντες
953 1615 1083 1701 ἄριστοι

193 1717 342 1798 Αργείοιν
361 1709 509 1794 Τρώεσσι
525 1711 634 1796 φόνον
651 1714 707 1779 καί
733 1720 820 1798 κῆρα
837 1717 1003 1798 φέροντες.

186 1809 298 1897 ῆειδεν
313 1807 344 1877 δ’
365 1805 409 1888 ἀς
425 1808 509 1876 ἄστυ
527 1814 713 1894 διέπραθον
729 1805 799 1889 υἷες
814 1809 950 1896 Ἀχαιιῦν

191 1908 336 1978 ίππόθεν
353 1909 537 1994 ἐκχύμενοι,
554 1917 667 1976 κοῖλον
683 1909 786 1994 λόχον
801 1910 1065 1992 ἐκπρολιπόντες.
1090 1929 1146 1981 515

133 2037 136 2044 ·
188 2007 292 2076 ἄλλον
308 2006 341 2074 δ’
359 2007 444 2095 ἄλλῃ
460 2007 549 2075 ἄειδε
566 2008 667 2076 πόλιν
685 2011 874 2094 κεραιζέμεν
892 2007 1004 2095 αἰπήν,

187 2105 292 2191 αύτάρ
308 2106 470 2192 Ὀδυσσῆα
486 2109 583 2190 προτί
603 2108 740 2194 δόματα
753 2108 947 2194 ’Δηιφόβοιο

186 2206 337 2292 βήμεναι,
353 2203 548 2292 ήῦέἍρηα,
566 2208 631 2273 σῦν
648 2205 794 2294 ἀντιθέῳ
810 2205 984 2295 Μενελάῳ.

186 2314 276 2372 κεῦθε
294 2302 333 2390 δή
352 2304 528 2373 αἰνότατον
544 2306 691 2392 πόλεμον
708 2305 795 2391 φάτο
812 2304 1019 2391 τολμήσαντα

185 2410 318 2489 νικῆσαι
334 2404 390 2471 καὶ
406 2409 516 2470 ἔπειτα
533 2401 587 2471 διὰ
604 2402 804 2490 μεγάθυμον
817 2401 971 2491 Ἀθήνην.
1087 2423 1144 2474 52⁰

229 2501 330 2570 Ταῦτ’
349 2500 404 2587 ἄρ’
423 2501 536 2582 ἀοιδὰς
553 2501 641 2594 ἄειδε
663 2504 875 2590 περικλυτός·
898 2501 1003 2590 αύτάρ
1018 2501 1143 2572 Ὀδυσ·

640 2599 718 2681 σεῦς

185 2701 310 2788 τήκετο,
329 2702 436 2784 δάκρυ
452 2697 484 2766 δ’
504 2697 703 2768 ἔδευεν-ὑπό
721 2700 917 2786 βλεφάροισι
934 2699 1080 2786 παρειάς.

185 2798 229 2878 ὥς
245 2799 281 2866 δὲ
298 2796 384 2884 γυνή
400 2803 532 2884 κλαίῃσι
548 2804 650 2884 φίλον
666 2799 766 2882 πόσιν
782 2797 1026 2886 ἀμφιπεσοῦσα,

184 2895 259 2965 ὅστε
276 2897 330 2982 ἑῆς
347 2895 500 2977 πρόσθεν
517 2896 632 2976 πόλιος
648 2906 739 2966 λαοΞν
756 2923 791 2965 τε
808 2901 957 2986 πέσῃσιν,
991 2985 996 2994 .

183 2996 277 3067 ἄστει
290 2997 345 3063 καὶ
364 2995 532 3064 τεκέεσσιν
547 2993 686 3084 ἀμύνων
703 2999 816 3082 νηλεὲς
830 2991 935 3084 ἦμαρ·
1085 3015 1144 3068 525

183 3092 203 3182 ή
222 3094 283 3181 μὲν
299 3095 359 3162 τὸν
375 3093 570 3182 θνήσκοντα
586 3098 642 3165 καὶ
658 3094 849 3184 ἀσπαίροντ’
866 3099 1022 3164 ἐσιδοῦσα

182 3190 263 3279 ἀμφ’
283 3191 372 3283 αὐτῷ
389 3199 513 3280 χυμένη
530 3201 606 3280 λθγα
623 3196 763 3263 κωκύει·
785 3197 819 3261 οί
835 3198 874 3261 δέ
887 3191 911 3260 τ’
933 3192 1078 3262 ὄπισθεν

181 3292 360 3371 κόπτοντες
377 3291 534 3375 δούρεσσι
551 3294 762 3379 μετάφρενον
776 3291 836 3378 ήδὲ
853 3294 909 3360 καὶ
927 3291 1040 3377 ἄμους

181 3400 310 3478 είρερον
327 3389 551 3475 εἰσανάγουσι,
570 3391 676 3460 πόνον
692 3391 719 3460 τ’
738 3395 852 3478 ἐχέμεν
868 3393 924 3460 καὶ
941 3389 1049 3472 ὀϊζύν·

180 3496 237 3576 τῆς
254 3487 288 3555 δ’
308 3487 517 3578 ἐλεεινοτάτῳ
535 3489 609 3576 ἄχεϊ
623 3489 835 3577 φθινύθουσι
852 3494 998 3576 παρειαί·
1083 3506 1146 3563 530
